3306 5050
660 456 880 514 „69-

182 651 273 730 impl.
299 646 410 734 ἐξῆγον
434 650 514 714 mihi
539 648 675 714 videtur
699 648 812 726 aptius
837 665 920 711 esse.
953 649 1033 711 nor.
1052 656 1132 726 puto
1165 666 1281 711 errore
1307 655 1358 710 ιυ-

183 760 262 824 lami
288 759 329 822 erl
354 776 495 836 sequens
520 751 644 840 ἤγαγον
669 756 858 820 aberrantis
873 763 981 819 ortum
1000 773 1082 819 esse.
1108 757 1186 819 Alie
1211 756 1361 832 exempla

185 876 262 931 sunt
286 867 434 946 xwen,
453 873 482 928 n.
509 869 605 946 33,1.
632 869 684 944 39,
699 870 728 927 5.
759 868 812 944 40,
829 869 857 926 5.
883 869 980 944 rue.
1007 869 1059 943 αν,
1073 868 1103 926 4.
1136 869 1231 944 755.
1258 869 1310 943 ετ,
1330 868 1359 926 5.

183 982 222 1038 87
229 1026 236 1054 ,
251 981 280 1037 5.
306 975 369 1037 XV
383 979 435 1053 38,
450 980 486 1036 2:
512 974 713 1052 κατέστησαν
737 965 904 1047 ἐξαγοιγεῐς
928 967 959 1030 οἳ
989 1022 1015 1034 ..
1030 965 1231 1040 ἐπελθόντες
1255 965 1290 1034 ἐζ
1304 963 1363 1038 τοίς

183 1075 346 1162 φρουράς,
389 1075 471 1143 XVI
485 1086 515 1160 8,
533 1084 563 1142 4.
600 1078 718 1143 XVIII
732 1083 837 1159 nu,4;
874 1077 932 1141 int'.
969 1079 1126 1159 xiste
1164 1084 1252 1160 84,4
1287 1079 1360 1154 bis,

183 1197 270 1266 part.
296 1189 345 1252 XI
360 1194 445 1268 212.
479 1187 682 1268 xillum:
718 1186 784 1246 τῶν
817 1177 995 1266 Ἀθηναίων
1032 1180 1252 1263 ἕξαγαγόντων
1287 1178 1363 1254 τούς

148 1299 157 1317 ’
182 1291 380 1376 στρατιώτας
412 1294 509 1356 καὶ..
547 1296 852 1374 παραταττομένων
886 1285 923 1354 τὸ
959 1291 1022 1371 μὲν
1045 1295 1181 1375 πρῶτον
1206 1285 1359 1376 ὥρμησαν

184 1402 271 1485 (eum
297 1399 515 1484 eduxissent),
540 1402 620 1464 XIV
635 1406 687 1481 80,
704 1405 731 1462 1.
758 1405 809 1481 95,
825 1407 853 1464 7.
880 1399 998 1464 XVIII
1015 1406 1067 1481 64,
1081 1406 1111 1464 4.

288 1505 358 1578 εἰςε
404 1509 507 1573 Verbi
551 1502 690 1586 εἰσάγειν
732 1526 839 1585 neque
875 1507 966 1585 impf.
1003 1527 1063 1571 nee
1100 1527 1208 1586 prees.
1244 1510 1359 1574 notavi

184 1620 442 1700 exemplenee,
474 1613 540 1682 nisi
569 1618 680 1698 fuller,
713 1617 782 1680 ullo
814 1617 887 1679 Ιουο
912 1618 1048 1681 notione
1073 1619 1151 1681 intr.
1178 1626 1238 1681 est.
1286 1618 1358 1681 Ind.

184 1725 253 1791 aur.
279 1736 342 1791 act.
369 1727 496 1805 legitur
520 1725 664 1806 XIV44,
681 1732 713 1788 7:
739 1724 930 1801 διακομίσας
953 1718 1013 1804 τὴν
1038 1727 1213 1806 παρθένον
1237 1720 1295 1788 εἰσ.
1315 1720 1360 1794 εἰς

184 1827 244 1916 τὴν
268 1827 458 1914 ἀκρόπολιν,
485 1839 537 1913 88,
556 1839 574 1896 3
589 1857 596 1910 ;
621 1841 706 1910 part.
725 1831 806 1895 XIV
822 1837 873 1912 14,
889 1839 917 1895 7.
936 1831 999 1894 XV
1013 1839 1065 1912 51,
1079 1838 1110 1895 4.
1128 1831 1245 1896 XVIII
1261 1838 1312 1914 54,
1328 1840 1359 1914 2,

184 1941 242 2005 inf.
267 1941 470 2020 XV145,3;
507 1949 592 2018 part.
630 1959 699 2003 aer.
736 1943 829 2016 pass
860 1939 1359 2020 X121,2.ee,n.xssee,5:

184 2044 350 2125 εἰσαχθεὶς
366 2041 481 2116 νυκτὸς
498 2042 653 2129 ἐκράτησε
669 2049 724 2128 τῆς
741 2041 910 2128 Τορώνης,
929 2046 1010 2111 XIV
1024 2052 1077 2128 25,
1094 2052 1121 2110 l:
1148 2043 1357 2124 εἰσαχθέντες

184 2150 229 2224 εἰς
252 2135 289 2217 τὸ
315 2155 483 2236 συνέδριον
508 2143 622 2236 εἶπον,
649 2153 754 2234 enti
778 2146 870 2222 ἐντὸς
893 2156 957 2214 τῶν
981 2155 1114 2234 τειχῶν,
1141 2159 1193 2236 81,
1208 2161 1238 2218 2.
1261 2155 1361 2219 XVII

187 2268 237 2343 15,
254 2268 282 2325 r.
298 2268 349 2343 51,
366 2241 394 2326 1.

287 2363 581 2450 παρεισάγειν;
607 2377 693 2448 part.
720 2388 789 2433 aur.
819 2377 883 2433 aet.
910 2370 1082 2434 invenitur
1106 2369 1173 2433 XII
1196 2375 1296 2451 41,4:
1330 2365 1362 2429 οἱ

184 2472 347 2559 προδόται
370 2471 505 2546 τούτους
535 2470 835 2568 παρεισαγαγόντες
858 2470 948 2545 ἐντὸς
971 2478 1036 2537 τῶν
1071 2479 1190 2554 τειχῶν
1227 2478 1359 2558 κυρίους

183 2586 238 2664 τῆς
276 2578 402 2653 πόλεως
425 2579 612 2666 ἐποίησαν,
657 2585 714 2648 ubi
755 2592 839 2662 part.
881 2603 949 2648 aur.
991 2586 1151 2650 exhibent
1179 2583 1360 2668 PAJK1),

184 2692 308 2770 reliqui
331 2685 593 2769 παρεισάγοντες.
642 2691 706 2756 Sed
743 2691 890 2755 dubitari
925 2711 990 2755 n0n
1022 2701 1143 2773 potest,
1170 2694 1249 2772 quin
1274 2701 1359 2771 part.

185 2817 253 2862 eor.
291 2797 501 2862 scribendum
537 2799 592 2879 sit,
628 2816 694 2861 nen
739 2799 844 2862 solum
881 2805 1020 2876 propter
1056 2801 1293 2864 alletoritatem
1331 2819 1358 2862 r.

184 2906 305 2970 Putmii
343 2905 401 2969 sed
432 2907 533 2970 etiarn
565 2915 705 2984 propter
730 2924 861 2969 sensum
886 2900 1069 2987 (εἰσήγαγον
1093 2905 1149 2967 καί
1172 2902 1358 2990 ἐποίησαν).

184 3013 318 3077 Pariter
352 3022 437 3090 part.
470 3032 539 3076 eor.
573 3014 701 3092 legitur
733 3013 820 3077 XIII
834 3020 886 3094 90,
903 3020 931 3077 1.
963 3014 1026 3078 XV
1041 3019 1142 3095 84,2;
1173 3024 1258 3092 part.
1291 3033 1360 3078 aur.

184 3139 270 3197 pass.
297 3119 359 3184 XV
375 3126 427 3201 51,
441 3125 478 3183 4:
519 3121 757 3202 παρεισαχθείς
796 3115 886 3190 ἐντὸς
909 3123 967 3182 τοῦ
990 3121 1118 3198 τείχους
1133 3115 1290 3203 ἐκράτησε
1306 3123 1362 3202 τῆς

184 3221 319 3296 πόλεως.

289 3331 359 3396 ἐπί
369 3359 374 3399 :
400 3329 538 3412 ἐπάγειν
573 3343 678 3400 trans.
716 3345 750 3400 et
785 3337 924 3400 intrans.
962 3345 1023 3401 est.
1071 3337 1242 3401 Interdum
1279 3356 1359 3417 σου,

184 3462 280 3522 quem
306 3443 472 3523 supplente,
504 3450 571 3508 tam
604 3463 707 3520 prope
743 3445 873 3521 pesitus
908 3452 969 3525 est,
995 3451 1032 3508 ut
1055 3446 1113 3509 vix
1137 3445 1247 3522 possis
1272 3444 1356 3508 diiu-

185 3551 307 3614 dicare.
356 3552 472 3614 Trans.
504 3550 593 3629 inps.
625 3552 753 3628 legitur
785 3551 871 3616 XIII
887 3557 959 3632 111,
975 3557 1013 3614 5:
1038 3544 1092 3620 οὓς
1116 3549 1178 3628 μὲν
1203 3545 1359 3613 άνεσταί-

184 3677 273 3739 ρουν,
299 3641 346 3726 οἷς
369 3648 400 3718 δ’
422 3648 610 3741 άμορήτους
633 3653 758 3740 ἐπῆγον
776 3650 893 3741 ὕβρεις,
918 3678 1005 3737 pass.
1030 3659 1144 3741 X125,
1160 3665 1195 3723 5:
1221 3653 1360 3740 ἐπήγετο
1457 3705 1458 3712 ι

184 3757 244 3846 γὰρ
273 3759 485 3842 αἰχμαλώτων
508 3765 643 3827 τοσοῦτο
667 3764 805 3849 πλῆθος.
823 3769 922 3830 Part.
948 3786 1055 3844 prees.
1081 3767 1164 3831 med.
1196 3767 1356 3832 traditum

185 3880 236 3937 est
261 3873 295 3936 in
320 3872 418 3936 libris
442 3873 510 3938 XII
525 3879 624 3955 12,1:
649 3879 715 3942 τοῖς
739 3866 902 3955 μητρυιάν
933 3869 1152 3953 ἐπαγομένοις
1183 3869 1265 3936 κατὰ
1295 3875 1360 3936 τῶν

184 3976 275 4041 ἰδίαν
314 3982 436 4040 τέκνων
473 3975 573 4064 ἔθηκε
608 3975 792 4061 πρόστιμον
819 3977 856 4043 τὸ
886 3976 930 4064 μὴ
962 3983 1112 4059 γίνεσθαι
1147 3977 1358 4062 συμβούλοις.

184 4088 249 4151 Pro
286 4081 490 4164 ἐπαγόμενος
525 4088 642 4152 Nauck
678 4090 781 4152 scribi
817 4090 926 4154 voluit
962 4083 1228 4167 ἐπεισαγόμενος,
1288 4090 1356 4152 Nee

184 4203 294 4258 tamen
334 4203 413 4272 puto
439 4204 569 4259 mutare
608 4215 689 4284 opus
715 4215 797 4260 esse.
846 4197 927 4260 Nem
952 4197 1084 4260 etiamsi
1110 4189 1357 4286 uurquriquel

293 4356 319 4414 l)
339 4353 379 4406 De
398 4353 481 4422 codd,
511 4353 556 4419 qui
576 4353 658 4407 libros
677 4354 739 4407 inde
758 4353 792 4407 ab
821 4354 963 4408 undecimo
990 4355 1136 4422 continent,
1157 4355 1190 4408 cf.
1218 4355 1248 4408 F.
1269 4355 1357 4422 Vogel

184 4442 233 4496 vel.
256 4444 288 4496 II.
309 4458 334 4510 p.
354 4443 401 4496 XI.
432 4443 526 4511 Longe
554 4443 756 4498 vetustissimus
776 4448 804 4498 et
823 4446 938 4512 optimus
966 4443 1088 4498 Patmius
1117 4444 1140 4497 P
1166 4444 1360 4498 videturesse.
