3306 5050
699 457 912 518 -49..

214 648 416 733 κλειομένην,
462 649 531 714 Ind.
565 657 630 713 εον.
665 667 715 713 me
738 668 802 713 non
827 656 905 729 uuio
938 649 1068 730 legisse.
1115 649 1180 712 Res
1205 654 1265 729 est,
1292 665 1385 727 quam

214 775 314 838 sopra
350 755 433 837 dixi3
468 758 571 821 multa
608 757 706 820 verba
742 756 901 835 slmpIIcia
934 762 1136 822 evanescunt
1171 754 1203 818 in
1239 772 1387 818 sermone

216 863 405 943 posterioris
429 863 556 928 aeteus.

325 971 384 1034 Pro
408 977 525 1052 χωρεῖν
549 989 619 1035 oum
647 971 983 1036 notiuuediSeedendi
1001 971 1164 1036 interdum
1189 970 1389 1049 χωρίζεσθαι

215 1079 344 1160 legitur,
371 1078 457 1158 quod
488 1076 597 1141 eodem
632 1075 702 1141 fere
726 1084 776 1142 est
800 1096 906 1142 sensu.
955 1075 1051 1158 Impf.
1086 1077 1189 1142 utitur
1214 1076 1387 1158 Diodorus

214 1193 251 1251 ut
275 1185 542 1249 cousuetudinem
567 1185 727 1263 quandam
756 1186 1036 1265 Pythagoreorum
1060 1191 1187 1249 narret:
1212 1185 1244 1247 X
1268 1181 1291 1248 f.
1308 1189 1337 1262 5,
1353 1192 1388 1245 τε

214 1286 544 1374 παρασκευασάμενοι
575 1287 686 1353 πάντα
709 1284 749 1353 τά
774 1287 857 1354 κατά
881 1285 937 1361 τάς
967 1286 1200 1373 λαμπροτάτας
1233 1285 1388 1360 ἑστιάσεις

213 1394 320 1461 πολύν
344 1389 454 1468 αὐτοῖς
478 1394 657 1478 ἐνέβλεπον
678 1394 809 1481 χρόνον.
834 1389 906 1460 εἶτα
920 1451 948 1464 ..
971 1391 1028 1468 τάς
1051 1400 1215 1479 τραπέζας
1239 1393 1389 1458 ἐκέλευον

215 1503 320 1587 αἴρειν
344 1498 418 1575 τοὺς
442 1504 563 1575 παῖδας
587 1505 642 1566 καὶ
658 1508 861 1588 παραχρῆμα
878 1501 1028 1583 ἄγευστοι
1046 1508 1109 1568 τῶν
1131 1508 1389 1586 παρατεθέντων

213 1610 409 1694 ἐχωρίζοντο,
457 1613 532 1677 Alia
558 1613 597 1678 de
623 1632 720 1678 cansa
744 1611 834 1693 lmus.
859 1614 1034 1678 adhibetur
1057 1614 1106 1677 XI
1126 1617 1178 1694 42,
1199 1620 1233 1678 6:
1259 1607 1389 1682 ἕκαστος

216 1717 252 1782 ἐκ
287 1721 342 1803 της
365 1716 534 1802 ἐκκλησίας
558 1716 729 1803 ἐχωρίζετο
762 1716 947 1799 θαυμάζων
992 1715 1052 1803 τὴν
1083 1711 1205 1802 α’ρετην
1243 1713 1389 1802 τάνδρός.

214 1829 287 1894 Hoc
310 1813 405 1892 euim
420 1828 488 1890 loco
512 1825 601 1906 impi.
627 1827 785 1911 depiugit,
811 1827 1109 1908 quemadmodum
1135 1827 1389 1893 Themistoclem

217 1954 335 2016 niagno
371 1933 585 1999 admiratione
621 1934 840 2014 adspicientes
876 1935 969 2014 quasi
1003 1936 1164 2016 gradatim
1195 1936 1388 1999 secutione

218 2042 439 2107 discesserint.
496 2043 570 2104 Aur.
603 2042 728 2122 legitur
757 2042 842 2106 XIII
859 2047 962 2123 94‚4:
999 2038 1073 2104 τότε
1104 2040 1165 2121 μὲν
1190 2036 1322 2111 ἕκαστος
1345 2036 1390 2110 είς

214 2139 305 2210 οἶκον
329 2143 499 2230 ἐχωρίσθη,
523 2149 562 2233 τῇ
586 2141 616 2210 δ’
634 2140 831 2231 ὑστεραίᾳ..
857 2144 1041 2231 παρόξυνε,
1060 2159 1203 2214 ceterum
1221 2149 1296 2214 vide
1310 2155 1340 2224 5,
1355 2155 1389 2212 5:

214 2249 347 2337 διαδράς
369 2249 519 2316 ἐκποδῶν
536 2251 704 2336 ἐχωρίσθη,
722 2256 806 2320 XIV
822 2263 873 2340 26,
890 2263 919 2338 73
944 2256 1063 2322 XVIII
1079 2264 1129 2339 22,
1146 2263 1180 2320 7:
1206 2256 1390 2337 Περδίκκας

214 2363 269 2424 καὶ
293 2357 310 2423 ὁ
338 2354 490 2443 βασιλεύς
515 2361 681 2432 Φίλιππος
705 2358 926 2446 ἐχωρίσθησαν
950 2360 986 2425 ἐκ
1010 2365 1065 2446 τῆς
1090 2365 1338 2433 Καππαδοκίας.

318 2481 409 2553 α’νά;
456 2488 549 2568 lmpf.
590 2489 682 2553 verbi
714 2471 905 2570 ἀ’ναχωρεῐν
945 2491 1075 2568 saeuius
1114 2489 1292 2570 invenitur,
1332 2489 1387 2554 sed

214 2596 322 2659 rarIus
346 2603 397 2661 est
422 2595 553 2660 aoristo.
591 2596 672 2677 ltegi
697 2594 788 2676 lmpf.
813 2596 875 2660 XV
891 2603 943 2678 86,
960 2605 995 2660 3:
1013 2593 1045 2657 οἱ
1061 2595 1096 2658 δὲ
1121 2591 1384 2676 Λακεδαιμόνιοι
1452 2641 1455 2647 ·

213 2693 398 2785 άνεχόρουν
422 2698 457 2764 ἐκ
480 2705 536 2785 της
558 2697 669 2786 μάχης.
694 2699 914 2782 ἐπικειμένων
938 2703 974 2767 δέ
997 2707 1061 2767 τῶν
1086 2706 1240 2766 Βοιωτῶν
1263 2705 1387 2786 νεκρῶν

215 2805 383 2891 ἐσωρεύθη
407 2809 546 2892 πλῆθος.
592 2810 683 2876 Part.
713 2830 809 2890 praes
848 2818 959 2877 exstat
993 2812 1094 2877 XVII
1118 2820 1168 2897 να,
1191 2819 1226 2879 7:
1256 2810 1391 2874 πολλῶν

216 2915 251 2980 δέ
275 2913 485 2994 Μακεδόνων
510 2913 702 2979 πιπτόντων
725 2918 870 2980 καὶτῶν
894 2913 1000 2982 ἄλλων
1023 2913 1278 3000 ἀναχωρούντων
1295 2971 1300 2983 ,
1317 2973 1322 2985 ,
1337 2920 1392 2980 καὶ

217 3019 314 3094 αύτδς
344 3017 361 3085 ὁ
388 3018 539 3106 βασιλεύς
563 3021 608 3094 είς
639 3018 764 3108 πολλὴν
788 3019 975 3109 α’μηχανίαν
1004 3024 1190 3090 ἐνέπιπτεν.
1246 3027 1392 3105 Utroque

216 3134 287 3196 Ioco
311 3132 401 3213 impi.
427 3133 587 3198 audonem
611 3133 745 3212 iudicat,
771 3152 854 3213 quae
879 3153 942 3199 nou
966 3134 1059 3198 iiuita
1084 3143 1143 3219 est,
1177 3141 1213 3199 ut
1244 3153 1390 3212 semper:

217 3239 477 3323 ,Lacedaemonii
503 3241 607 3321 magle
633 3241 800 3321 magisque
825 3260 865 3306 ex
889 3243 959 3307 acie
975 3242 1153 3323 cedebant,
1179 3243 1285 3305 altero
1302 3242 1388 3306 loco:
1441 3263 1442 3270 ¹

217 3367 300 3431 ,cum
332 3347 448 3427 reliqui
482 3348 634 3412 cederent
677 3348 859 3426 paulatim‘.
908 3340 1391 3432 Ini.est1118‚5:a’miyoys

158 3507 161 3513 .
217 3448 506 3535 προσποιούμενος
540 3445 734 3537 α’ναχωρεῑν,
771 3455 857 3520 XIII
875 3458 924 3534 lu,
943 3465 979 3519 λι
1017 3458 1135 3525 Νικίας
1158 3451 1391 3536 συνεβούλευσε

217 3556 460 3631 καταλιπόντας
494 3555 552 3630 τὰς
587 3563 665 3631 ναῦς
701 3553 893 3645 α’ναχωρεῐυ,
917 3563 1015 3626 XVII
1033 3570 1085 3630 85.
1112 3569 1143 3626 1:
1178 3558 1308 3636 ἐξέλιπε
1332 3558 1391 3646 τὴν

216 3661 505 3756 φυλακηνδιδούς
537 3664 651 3742 ἔξοδον
682 3675 749 3738 τοῖς
780 3669 992 3749 βουλομένοις
1023 3666 1059 3731 ἐκ
1082 3673 1137 3752 της
1161 3674 1284 3752 πέτρας
1307 3665 1389 3732 άνα-

218 3780 345 3858 χωρεῖν.
394 3773 569 3840 Difficilius
605 3782 713 3841 autem
739 3785 790 3841 est
815 3777 990 3856 explicare,
1017 3796 1101 3856 quae
1127 3779 1284 3858 leguntur
1307 3778 1390 3842 XIX

219 3890 271 3959 30,
287 3893 321 3946 2:
348 3883 499 3960 πλαγίοις
529 3879 729 3962 ἐμβαλόντες
752 3889 892 3953 πυκνοῖς
915 3890 983 3953 τοῖς
1007 3883 1113 3963 βέλεσι
1137 3887 1392 3967 κατετίτρωσκον

219 3985 311 4052 αὐτοὶ
334 3987 397 4068 μὲν
412 4039 439 4053 ..
482 3983 577 4051 οὐδὲν
613 3985 794 4068 πάσχοντες
817 3985 943 4069 μεγάλα
964 3991 998 4054 δέ
1014 3986 1217 4071 βλάπτοντες
1240 3984 1315 4060 τούς
1339 3986 1391 4053 διά

217 4092 257 4160 τά
282 4092 365 4180 βάρη
388 4088 464 4181 μήτ’
488 4093 638 4170 ἐκδιῶξαι
663 4097 862 4176 δυναμένους
885 4093 960 4182 μήτ’
985 4089 1168 4180 α’ναχωρεῑν
1185 4090 1265 4159 ὅταν
1283 4092 1392 4179 καιρός

218 4204 431 4290 παραγγείλῃ.
481 4204 544 4269 Vix
580 4206 665 4268 enim
705 4205 809 4284 possis
845 4205 940 4269 iustis
977 4205 1084 4269 causis
1121 4206 1303 4282 defendero,
1335 4225 1392 4269 cur

218 4313 323 4377 altero
348 4313 416 4376 Ioco
441 4312 497 4377 ius.
522 4331 597 4390 aur,
614 4312 719 4376 altero
745 4331 847 4393 praes.
873 4313 916 4376 sit
941 4311 1092 4391 scriptus.
1129 4311 1264 4390 Ouinari
1283 4327 1389 4376 autem

216 4419 295 4484 licet
334 4438 383 4498 ea,
423 4438 508 4500 quae
546 4427 620 4483 erat
658 4419 848 4484 additurus:
895 4410 975 4483 ὅταν
1022 4412 1138 4501 καιρός
1177 4419 1389 4508 παραγγείλη,
