3264 5050
745 461 968 522 ,34-

273 647 476 714 ἐπανελθεῑν
500 647 545 723 εἰς
568 647 628 735 τὴν
646 655 768 733 Νῦσαν,
794 655 841 718 IV
856 657 908 735 dd,
924 660 956 718 2:
975 647 1145 717 Θετταλόν
1161 704 1168 717 .
1185 705 1191 716 .
1209 704 1216 715 .
1240 650 1276 715 ἐν
1294 655 1447 739 Κορίνθῳ

272 763 439 840 τραφέντα
462 756 666 823 ἐπανελθεῖν
694 757 740 832 εἰς
765 754 909 843 Ἰωλκόν,
935 769 987 841 o’h,
1002 767 1041 825 4:
1066 757 1248 843 προστάξαι
1266 764 1375 844 ζητεῖν
1390 762 1447 823 καὶ

272 859 320 948 μὴ
342 861 552 946 ἐπανελθεῖν,
578 887 640 947 quo
666 871 735 934 ineo
760 868 818 934 ini.
835 885 939 950 prees.
963 871 1073 951 ζῆτειν
1097 879 1131 932 ει
1155 887 1222 933 eor.
1246 866 1448 931 ἐπανελθεῖν

273 973 533 1057 coniunguntur;
569 975 684 1039 XVIII
707 982 754 1057 12,
776 979 812 1038 4:
849 967 966 1045 οὕτέίς
997 974 1213 1038 Μακεδονίαν
1248 971 1448 1039 ἐπανελθεῖν

271 1072 422 1161 α’σφαλῶς
444 1077 635 1163 δυνάμενος,
660 1083 743 1148 XIX
761 1090 813 1162 57,
829 1090 863 1148 2:
890 1085 1007 1165 συνέβη
1031 1077 1243 1146 ἐπανελθεῖν.

379 1187 548 1268 negentur
578 1189 754 1272 partieipia
784 1191 869 1275 120,
900 1197 937 1253 5:
974 1185 1276 1254 ἐπανελθόντα...
1298 1207 1447 1252 συναπο-

272 1297 421 1380 κομίσαι,
447 1296 499 1361 III
515 1301 567 1379 55,
582 1303 619 1359 9:
644 1300 707 1359 τῶν
731 1292 915 1376 Ἀμαζόνων
939 1292 1196 1360 ἐπανελθουσῶν
1226 1296 1447 1377 μυθολογοῦσι

270 1396 331 1486 τὴν
353 1404 475 1486 μητίρα
498 1406 562 1466 τῶν
591 1406 680 1466 θεῶν
697 1456 723 1470 ..
757 1407 953 1486 κατοικίσαι,
986 1403 1097 1488 ivm,
1117 1410 1148 1468 l:
1180 1399 1378 1468 ἐπανελθών
1402 1400 1448 1476 εἰς

274 1505 528 1593 Πελοπόννησον
552 1507 762 1594 ἐστράτευσεν
785 1507 950 1594 είςἾλιον,
976 1531 1003 1576 v.
1029 1519 1203 1592 praeterea
1230 1519 1281 1594 33,
1300 1517 1325 1576 i.
1351 1519 1402 1592 32,
1415 1517 1448 1578 4.

275 1619 367 1697 33,l.
403 1624 455 1700 55,
471 1625 499 1682 6.
529 1625 616 1700 62,2
652 1620 713 1704 his,
739 1629 792 1698 82,
806 1621 838 1683 4.
874 1618 1059 1694 Χ1178,5;
1095 1614 1349 1684 ἐπανελθόντων
1382 1623 1449 1682 τῶν

272 1725 498 1807 στρατοπέδων
536 1718 675 1811 δι’όργης
714 1717 820 1807 εἶχον,
860 1734 914 1802 8⁶2,
933 1733 959 1791 l.
999 1727 1080 1793 XVI
1093 1732 1191 1805 hihi.
1232 1727 1329 1793 XVII
1347 1735 1396 1808 16,
1416 1735 1447 1792 i:

273 1826 723 1919 ἐπανελθόν,.συνήγαγε,
762 1839 860 1913 77,,1.
894 1834 1014 1900 XVIII
1036 1843 1085 1918 18,
1101 1843 1128 1898 7.
1165 1841 1272 1908 ihi:
1300 1826 1369 1898 a'nd
1393 1837 1450 1919 τῆς

272 1934 376 2022 μα’χης
398 1936 655 2023 ἐπανελθόντος,
681 1949 733 2023 55,
748 1949 779 2006 4.
802 1941 887 2007 ΧΙΧ
901 1947 954 2020 59,
968 1945 997 2006 3.

377 2047 533 2130 Oetogies
556 2050 663 2131 igitur
689 2049 799 2115 novies
814 2068 890 2120 xeor.
915 2049 1085 2116 invenitur
1106 2051 1141 2115 in
1166 2049 1329 2131 prioribus
1346 2050 1450 2115 unde-

272 2154 393 2237 viginti
417 2155 522 2239 libris,
547 2157 653 2223 sexies
677 2167 761 2239 pert.
786 2175 903 2240 praes,
928 2177 1105 2238 numquam
1129 2157 1365 2238 imperfectum.

377 2261 475 2345 Impf.
509 2264 582 2330 veri
614 2269 774 2359 παριέναι
804 2284 868 2330 nno
899 2265 983 2348 loeo,
1018 2247 1175 2350 qnantum
1209 2265 1295 2350 seio,
1325 2264 1449 2348 legitur

271 2369 353 2436 XVI
374 2377 426 2452 84,
447 2376 485 2440 4:
509 2364 550 2442 οἷς
578 2361 688 2455 δ’ἡκον
711 2369 743 2434 οἱ
767 2374 937 2456 στρατηγοί
962 2375 1018 2436 καί
1040 2363 1100 2436 τόν
1124 2369 1313 2456 μηνίσαντα
1338 2374 1448 2455 παρῆ-

274 2497 330 2556 γον
354 2469 503 2548 κακεῖνος
525 2463 616 2560 εἷπε,
641 2475 748 2563 σιωπὴ
772 2479 835 2559 μὲν
858 2481 914 2543 καὶ
944 2474 1045 2561 φόβος
1068 2486 1199 2559 κατεῖχε
1226 2475 1263 2542 τό
1293 2484 1448 2564 θέατρον,

273 2585 331 2649 καὶ
365 2588 429 2648 τῶν
464 2581 630 2649 εἰωθότων
677 2587 872 2670 δημηγορεῖν
908 2582 1013 2658 οὐδεὶς
1047 2583 1167 2667 ἐτόλμα
1199 2586 1447 2668 συμβουλεῦσαι.

273 2688 447 2763 πλεονάκις
471 2691 506 2756 δέ
528 2697 587 2756 τοῦ
610 2690 746 2777 κήρυκος
775 2694 970 2765 καλέσαντος
992 2689 1068 2766 τούς
1091 2691 1245 2779 ἐροῦντας
1276 2689 1360 2777 ὑπὲρ
1394 2697 1450 2779 τῆς

273 2803 384 2884 κοινῆς
417 2804 589 2884 σωτηρίας,
626 2793 731 2873 οόόεὶς
763 2798 886 2888 παρηει
915 2798 1103 2884 σύμβουλος.
1129 2797 1272 2885 οίπορίας
1295 2787 1354 2864 οἷον
1388 2822 1448 2881 με-

274 2903 368 2991 γάλης
401 2903 495 2991 οὔσης
532 2909 584 2970 καὶ
621 2905 849 2994 καταπλήξεως
877 2902 1048 2989 α’πέβλεπε
1076 2905 1113 2972 τὰ
1149 2910 1271 2993 κλῆθσς
1301 2905 1359 2972 ἐπὶ
1389 2904 1450 2971 τόν

273 3018 493 3099 Δημοσθένην
525 3035 550 3081 e.
575 3039 603 3099 q.
629 3038 653 3084 s.
703 3018 751 3084 De
792 3036 854 3097 quo
888 3017 1087 3099 imperfecto,
1121 3037 1315 3099 quoinquem
1350 3036 1448 3082 sensu

274 3141 344 3188 oum
370 3123 553 3205 participiis
578 3129 661 3204 duae
686 3143 786 3206 supra
816 3127 915 3190 attuli
940 3126 1102 3211 convenit,
1128 3135 1236 3190 tomen
1263 3125 1313 3190 hie
1345 3125 1449 3190 disse·

275 3248 349 3295 rere
375 3231 490 3313 moini,
523 3229 601 3313 quie
632 3232 802 3313 singulare
834 3240 887 3297 est
918 3245 952 3296 et
976 3233 1120 3316 dignum,
1145 3234 1186 3298 de
1210 3251 1273 3312 quo
1299 3233 1450 3312 pluribus

273 3338 470 3417 disputetur.
518 3339 595 3404 Cum
630 3339 714 3402 enim
749 3340 805 3404 eiii
843 3342 939 3405 huius
974 3340 1047 3405 iibri
1082 3347 1151 3406 tum
1186 3341 1237 3404 :io
1261 3342 1354 3406 loeus
1378 3340 1449 3404 sine

274 3445 373 3510 dnbio
397 3465 437 3509 ex
464 3446 691 3510 Demosthenis
716 3449 865 3514 emtione
890 3449 929 3512 de
954 3467 1072 3514 emona
1098 3447 1297 3530 prodierunt
1331 3447 1447 3513 Utrum

274 3571 315 3617 ex
340 3554 411 3633 ipse
438 3554 653 3618 Demosthene
678 3573 738 3619 soe
765 3555 924 3618 Diodorus
950 3556 1108 3635 petiverit
1132 3574 1174 3619 on
1199 3573 1240 3620 ex
1265 3556 1330 3620 eho
1346 3554 1448 3634 serio·

274 3666 357 3742 tone,
383 3659 456 3724 noio
481 3660 700 3743 investigate,
735 3663 837 3743 qnod,
873 3653 1132 3748 desuetudini,
1157 3681 1261 3728 meum
1287 3681 1349 3727 noo
1375 3679 1449 3728 esse

276 3767 400 3848 putavi,
436 3767 470 3830 in
507 3768 567 3832 hoe
603 3767 715 3833 iiheho
749 3767 789 3834 de
824 3769 972 3834 tontibus
1005 3769 1135 3834 Diodori
1168 3770 1338 3836 disserere.
1384 3769 1449 3835 Sed

276 3893 465 3954 persuasum
500 3875 577 3939 mihi
611 3880 662 3940 est
693 3894 767 3940 eum
798 3876 978 3941 orationem
1015 3877 1105 3942 illem
1138 3877 1366 3942 Demosthenis
1390 3885 1449 3942 ent

275 3982 373 4045 eliam
412 3999 475 4045 non
510 3982 709 4064 adhibuisse,
746 4003 853 4062 neque
889 3989 989 4065 85,4:
1026 3983 1081 4049 ubi
1120 3985 1371 4063 Demosthenem
1407 3984 1447 4047 ed

275 4089 409 4155 verbum
445 4089 575 4153 laudet:
618 4083 749 4168 τότ’ἐγώ
790 4089 851 4170 μὲν
886 4094 929 4174 τῷ
958 4086 1098 4153 Πύθωνι
1126 4095 1366 4176 θρασυνομένῳ
1393 4092 1449 4153 καὶ

275 4187 384 4257 πολλοὶ
424 4191 531 4282 ῥέοντι
569 4191 648 4259 καθ’
685 4190 774 4276 ὑμῶν
813 4192 871 4276 οὐχ
910 4191 1117 4280 ὑπεχώρησα,
1163 4199 1348 4263 testimonio
1388 4209 1447 4263 est.

275 4303 337 4384 Qui
363 4302 425 4368 loci
452 4322 509 4382 oen
533 4311 632 4369 totam
659 4305 888 4386 nottiqoitetem
914 4305 1074 4370 notissimi
1100 4315 1195 4372 erant
1219 4303 1272 4390 [ef.
1305 4305 1447 4388 exeomli

273 4429 374 4478 eausa
397 4411 498 4478 schol.
523 4412 566 4478 ad
589 4414 646 4477 Ar.
671 4413 753 4493 Eoo.
783 4420 858 4498 526,
893 4413 1140 4497 Pseudo-Long.
1166 4413 1205 4478 de
1225 4415 1307 4480 subl.
1334 4420 1383 4496 le,
1400 4412 1446 4502 i:]
