3306 5050
672 455 890 516 ,(33.-

191 650 256 710 τοῖν
295 639 565 730 ἀφηρπασμένων
603 637 753 726 άνέσωσε,
785 647 850 708 τῶν
890 639 925 708 δὲ
949 645 1111 708 πλείστων
1150 644 1182 708 οἱ
1216 642 1369 725 Νομάδες

191 752 361 836 ἐκυρίευον
394 755 492 818 καὶ..
524 747 660 822 ἑαυτοδς
684 749 894 826 ἐξετόπισαν.
947 755 1061 833 Neque
1091 756 1154 818 hoe
1184 756 1257 818 loeo
1286 762 1367 832 puto

192 863 226 926 in
251 862 341 940 impi.
378 841 433 944 ήγε
470 860 698 926 offendendum
722 879 811 942 esse,
841 880 1036 940 quamquam
1065 881 1130 925 non
1160 863 1247 925 omni
1272 861 1367 926 modo

191 970 273 1034 haee
298 988 370 1032 turn
394 962 795 1048 ἐκυρίευον-ἐξετόπισαν
820 969 1005 1045 comparari
1030 976 1179 1045 possunt.
1227 969 1308 1032 Nam
1334 969 1368 1032 in

191 1071 362 1156 ἐκυρίευον
387 1074 544 1157 (μΙιιυλιαο
560 1072 765 1156 retinebant)
784 1093 883 1138 rausa
900 1075 1088 1152 imperfecti
1107 1076 1232 1140 elarius
1246 1076 1366 1140 elucet.

190 1183 254 1248 Sed
280 1185 459 1260 praecipue
495 1174 576 1242 κατά
612 1176 709 1258 τάχος
743 1190 864 1261 monet,
902 1190 939 1245 ut
974 1181 1058 1245 illud
1083 1182 1172 1259 impi'.
1199 1184 1367 1262 integrum

189 1291 426 1368 relinquamus.
475 1289 556 1352 Nam
592 1288 754 1352 eiusmodi
790 1289 963 1353 vocabulis
1000 1289 1145 1353 libenter
1174 1288 1207 1352 id
1236 1297 1367 1367 ternpus

189 1396 354 1476 adiungit,
380 1397 458 1474 quia
483 1397 544 1459 hoe
560 1394 656 1458 modo
673 1413 728 1458 res
746 1395 919 1472 paulisper
936 1396 1030 1473 quasi
1056 1394 1235 1459 detinetur.
1262 1395 1366 1477 Quam

190 1505 324 1567 obrem
349 1503 478 1580 pariter
509 1491 610 1570 εάδάς
641 1521 713 1565 curn
746 1501 835 1579 impf.
862 1503 1032 1567 invenitur
1056 1506 1110 1582 42,
1125 1507 1158 1566 3:
1183 1496 1284 1569 εὐθὺς
1307 1494 1367 1583 τήν

189 1604 333 1687 δύναμιν
362 1587 439 1686 ήγεν
474 1604 531 1669 ε’πὶ
567 1602 641 1677 τους
677 1609 887 1689 Κυρηναίους.
926 1598 995 1670 εἶδ’
1026 1599 1131 1686 ὁμέν
1156 1599 1364 1689 Ὀφέλλας..
1429 1594 1433 1600 ’

188 1712 380 1798 ἐπεχείρησε
403 1714 464 1794 μὲν
489 1707 683 1794 α’μάυασθαι
707 1705 771 1795 nte,
803 1715 841 1778 ef.
869 1715 970 1779 XVII
985 1723 1037 1796 69,
1052 1723 1081 1780 2.

292 1825 387 1902 Impi'.
425 1843 511 1901 pass.
549 1824 676 1902 legitur
710 1823 797 1886 XIII
810 1828 911 1902 84,3:
949 1817 1030 1884 καθ’
1061 1815 1100 1883 ὃν
1130 1818 1248 1902 καιρὸν
1271 1818 1365 1908 ήγετο

187 1928 309 2012 νύμφη,
335 1923 354 2013 ή
377 1924 473 1999 πόλις
498 1925 592 2007 ἔγεμε
612 1923 716 2009 φωτός
741 1927 818 2010 (quo
843 1940 993 2008 tempore
1019 1930 1059 1993 ad
1084 1931 1239 1995 maritum
1264 1931 1363 1994 dedu·

188 2035 352 2119 uebatur),
389 2038 507 2101 XVIII
521 2044 573 2118 67,
587 2042 621 2100 3’;
646 2031 869 2116 ἐξεβάλλοντο.
894 2031 935 2096 τιν’
944 2027 1112 2113 δ’ἕσχατον
1127 2031 1171 2106 εἰς
1183 2031 1219 2098 τὸ
1244 2037 1366 2124 δεσμω-

186 2139 301 2226 τήριον
335 2138 463 2226 ἤγοντο,
500 2145 556 2208 ubi
593 2162 676 2222 quae
716 2150 901 2221 sequuntur
946 2142 1036 2220 impi.
1074 2146 1157 2208 saus
1193 2145 1364 2222 explicant

188 2244 467 2334 (συνηκολούθουν
483 2283 498 2297 -
516 2240 711 2332 ὀδυρόμενοι
734 2246 813 2331 are).

292 2377 397 2454 Saepe
433 2385 518 2454 part.
555 2394 663 2454 praes,
699 2376 871 2453 reperitur
906 2376 1019 2440 eodem
1055 2377 1126 2440 fere
1163 2395 1272 2457 sensu,
1298 2396 1361 2456 quo

188 2501 302 2562 praep.
328 2483 629 2563 eum‚velrrt1124‚
645 2488 678 2546 7:
703 2465 784 2565 ήκον
807 2477 890 2562 πρὸς
913 2477 972 2565 τήν
996 2484 1100 2544 Νίνον
1123 2485 1167 2566 τήν
1190 2482 1252 2561 μὲν
1279 2479 1364 2568 λόγῳ

186 2585 341 2673 διαδοχήν
358 2584 501 2669 ἄγοντες,
518 2590 599 2653 XIV
614 2595 665 2670 63,
680 2594 714 2652 4:
741 2584 954 2672 παρεγενήθη
972 2591 1049 2656 ναῦς
1071 2585 1157 2667 άγων
1172 2584 1362 2672 τριάκοντα,
1387 2620 1389 2624 ’

187 2696 245 2761 inf.
271 2698 305 2761 II
320 2703 350 2778 6,
367 2704 398 2760 l:
423 2689 440 2756 ὁ
467 2698 566 2765 Νίνος
589 2689 789 2779 ήναγκάζετο
814 2688 896 2756 κατὰ
913 2699 1010 2776 με’ρος
1027 2691 1116 2774 ἄγειν
1133 2690 1191 2780 τήν
1208 2693 1362 2780 δύναμιν,

188 2805 243 2868 ubi
268 2805 323 2868 vel
347 2797 430 2864 κατ-ά
457 2806 554 2884 με’·ρος
579 2822 678 2867 eausa
702 2803 871 2868 sufficiens
896 2805 1085 2881 imperfecti
1103 2813 1171 2881 est3
1196 2805 1361 2886 X121,2:

187 2901 275 2978 ὅσους
310 2904 441 2979 ἕκαοτος
471 2905 566 2986 ἄγειν
590 2903 743 2993 ήδάνατο,
772 2911 840 2974 XII
861 2915 961 2990 24‚2:
992 2907 1179 2992 προστάξας
1203 2908 1293 2990 ἄγειν
1317 2909 1363 2983 εἰς

187 3015 348 3096 δουλείαν,
384 3017 579 3096 ΧΙ719,3;
616 3011 872 3098 ἔφασκε-ἄγειν,
911 3024 963 3098 61,
978 3025 1007 3082 2.
1045 3024 1147 3098 87,4;
1185 3021 1242 3084 ini.
1273 3040 1360 3098 pase

186 3125 273 3188 ΧΙΙΙ
289 3130 361 3205 102,
379 3130 410 3188 I:
442 3118 631 3201 μελλόντων
659 3119 799 3201 ἄγεσθαι
832 3119 888 3186 ἐπὶ
911 3120 970 3186 τὸν
1005 3120 1156 3187 δάνατυν
1190 3127 1362 3204 Διομέδων

186 3230 368 3315 παρήλθενζ

290 3338 361 3402 Ind.
387 3357 455 3402 aur.
482 3339 609 3417 legitur
631 3339 717 3403 XIII
732 3345 783 3420 72,
799 3345 832 3402 3:
859 3334 974 3408 νυκτὸς
997 3332 1153 3423 άσελήυου
1169 3336 1206 3401 τὸ
1232 3337 1362 3422 στρατό-

187 3445 290 3506 πεδον
318 3440 435 3530 ήγαγεν
467 3441 524 3506 ε’πδ
555 3439 612 3509 τοὶς
644 3437 786 3529 Ἀθήνας,
811 3448 891 3511 XIV
913 3453 963 3527 15,
986 3453 1012 3511 1.
1046 3453 1148 3528 44‚7:
1173 3443 1292 3532 ήγαγεν
1316 3444 1361 3519 είς

185 3545 245 3635 τήν
269 3547 395 3632 οἰκίαν,
420 3558 473 3632 49,
488 3558 517 3616 3.
546 3558 618 3634 114,
633 3561 667 3617 2:
692 3548 863 3632 διαβάντες
886 3549 1004 3638 ἤγαγον
1027 3548 1086 3637 τήν
1109 3550 1251 3634 δύναμιν
1267 3553 1360 3637 παρὰ

185 3653 244 3721 τὸν
275 3654 430 3737 ποταμὸν
457 3659 604 3749 σταδίους
632 3651 846 3744 ὀγδοήκοντα,
870 3663 952 3726 XVI
972 3667 1070 3741 42‚a.
1095 3664 1161 3726 XX
1174 3669 1227 3744 84,
1242 3671 1276 3741 63
1301 3665 1359 3730 ins.

185 3767 285 3831 XVII
299 3773 378 3848 2‚5:
415 3757 648 3831 ἀπέστειλεν..
685 3763 760 3837 δοὺς
794 3761 927 3837 ε’ντολοὶς
961 3763 1105 3846 μάλιστα
1135 3768 1199 3848 μὲν
1227 3762 1361 3849 άγαγεῖν

187 3873 292 3949 ζῶντα
315 3867 375 3934 τὸν
394 3868 560 3953 Ἄτταλον,
585 3883 671 3952 part.
697 3876 797 3956 1148,
813 3881 846 3940 5:
872 3869 949 3936 οὔδ’
973 3872 1004 3936 οἱ
1030 3870 1192 3960 Μήδων..
1217 3876 1360 3956 βασιλεῖς

184 3974 396 4064 ἠδυνήθησαν
432 3972 548 4049 αὐτοὺς
584 3975 896 4043 καταδουλώσασθαι
938 3974 1063 4051 πολλάς
1106 3979 1265 4061 δυνάμεις
1304 3978 1361 4046 ἐπ’

186 4078 303 4155 αὖτοὺς
319 4080 503 4169 ἀγαγόντες,
520 4088 588 4151 ΧΙΙ
602 4094 653 4168 78,
669 4093 697 4152 3.
723 4090 804 4153 XIV
820 4095 870 4170 17,
885 4096 914 4152 8.
943 4096 1015 4170 108,
1032 4095 1059 4153 I.
1088 4097 1159 4171 117,
1175 4097 1209 4168 3;
1234 4092 1268 4155 in
1285 4092 1358 4156 Ioco

187 4203 344 4272 corrupto
370 4200 497 4274 82,11λ;
534 4186 618 4271 μετὰ
654 4194 688 4256 δεῖ
723 4191 782 4279 τήν
817 4191 1009 4277 παράταξιν
1038 4191 1224 4278 άμφότεροι
1249 4194 1360 4260 διαλά-

185 4318 297 4370 ααντες
320 4294 356 4362 τὸ
380 4296 614 4382 στρατόπεδον,
639 4299 669 4363 οἱ
693 4301 755 4381 μὲν
779 4300 823 4372 είς
846 4298 904 4372 τὰς
920 4299 1004 4373 ίδίας
1021 4304 1191 4384 πατρίδας,
1225 4302 1256 4365 οἱ
1280 4297 1358 4375 δἐίς

185 4403 356 4490 Κόρινθον
378 4401 416 4470 ari
441 4408 607 4498 συνέδριον
624 4403 809 4496 άγαγάντες,
834 4406 910 4480 ἐπεὶ
931 4405 1015 4479 κατὰ
1040 4414 1119 4478 νοῦν
1143 4403 1253 4485 αὐτοῖς
1276 4434 1357 4495 προ.
