3264 5050
586 1672 881 1772 Praelatio.

243 1962 335 2045 'Cum
371 1979 448 2044 mihi
482 1979 521 2042 de
553 1976 688 2043 Diodori
718 1977 817 2043 Siculi
851 1996 912 2043 usu
946 1977 1060 2044 acuisti
1084 1984 1118 2043 et
1142 1977 1323 2058 imperfecti
1385 2003 1389 2016 ·

149 2088 293 2154 scribere
316 2087 570 2168 proposuissem,
595 2104 659 2151 nou
683 2085 763 2150 illud
788 2085 927 2160 intendi,
954 2091 989 2150 ut
1010 2085 1232 2166 quaestionem
1251 2105 1323 2169 pro-

149 2195 272 2261 ferrem
305 2196 437 2278 uenitns
472 2194 664 2258 absolutam.
713 2191 816 2274 Quam
846 2195 976 2258 obrem
1002 2211 1065 2257 non
1090 2193 1323 2274 omnicrespi·

151 2321 225 2369 cere
248 2301 338 2369 volui
356 2301 530 2368 verborum
548 2317 680 2384 genera,
705 2299 761 2364 sed
779 2318 819 2365 ea
836 2301 1038 2380 potissimum
1055 2302 1169 2382 selegi,
1188 2319 1323 2380 quorum

149 2428 230 2476 usus
266 2408 319 2474 vel
355 2407 534 2490 singularis
571 2411 660 2472 esset
694 2407 748 2471 vel
778 2425 797 2469 a
829 2425 978 2472 sermone
1018 2407 1129 2472 Attico
1171 2409 1324 2474 recedere

151 2517 333 2582 videretur.
378 2516 461 2580 Nam
487 2515 550 2579 etsi
575 2522 765 2580 sescenteno
791 2513 994 2579 diversorum
1019 2532 1173 2596 generum
1202 2516 1325 2580 contuli

152 2622 318 2706 exempla,
356 2626 465 2687 tamen
497 2639 552 2702 ea,
587 2639 626 2686 ex
657 2620 774 2700 quibus
798 2620 881 2685 nihil
905 2607 977 2686 fere
1001 2619 1130 2687 fructus
1155 2623 1325 2705 percipere

150 2748 340 2812 possumus,
373 2735 431 2792 aut
461 2747 524 2792 non
561 2729 673 2808 putavi
706 2711 880 2792 tractanda
911 2745 984 2793 esse
1020 2734 1078 2793 aut
1109 2729 1325 2811 paucissimis,

149 2857 192 2903 ne
217 2837 259 2902 iis
284 2839 339 2916 qui
364 2837 480 2918 legunt
504 2853 586 2900 onus
610 2853 718 2899 rerum
734 2835 901 2899 inutilium
918 2835 1087 2900 molestum
1105 2835 1208 2902 fieret.
1233 2836 1325 2918 Quae

150 2945 203 3009 his
240 2942 390 3009 deductis
433 2947 645 3024 supereraut,
691 2960 761 3006 cum
797 2942 894 3006 huius
930 2943 1162 3022 disputationis
1198 2944 1325 3008 modum

150 3051 311 3117 excedere
346 3049 583 3134 intelligerem,
610 3048 727 3128 partim
753 3051 786 3112 in
812 3048 902 3114 aliud
923 3054 1052 3131 ternpus
1077 3050 1155 3116 milri
1188 3052 1327 3132 seposui.

153 3159 196 3224 Ut
220 3163 329 3222 autem
362 3156 576 3221 elocutionem
609 3155 742 3221 Diodori
774 3157 1030 3239 perlustrarem,
1063 3157 1129 3222 alia
1153 3164 1325 3240 praeterea
1358 3223 1362 3231 ,

152 3283 253 3330 causa
278 3263 440 3329 adductus
465 3282 544 3328 sum.
591 3264 629 3328 Iu
654 3264 748 3328 libris
770 3265 855 3329 euim
890 3263 1097 3344 perlegendis
1127 3264 1160 3328 id
1191 3265 1224 3329 iu
1257 3265 1326 3330 dies

154 3374 258 3452 magis
293 3388 455 3453 apparere
491 3371 680 3435 videbatur:
719 3372 747 3434 si
787 3371 827 3436 de
862 3371 1016 3454 fontibus,
1054 3391 1095 3437 ex
1130 3372 1245 3451 quibus
1270 3372 1326 3437 ille

154 3479 311 3562 hauserit,
336 3478 483 3543 iudicare
506 3479 660 3560 velimus,
685 3483 785 3544 antea
808 3479 843 3543 in
868 3497 959 3544 usum
985 3479 1141 3544 sermonis
1161 3479 1327 3560 inquirere

153 3603 287 3650 necesse
311 3603 391 3650 esse.
438 3586 520 3650 Nam
545 3587 609 3651 etsi
634 3585 789 3665 quaedam
815 3586 1006 3652 elocutionis
1037 3585 1241 3653 differentiae
1264 3588 1326 3668 ipsi

152 3691 309 3773 scriptori
345 3691 445 3757 tribui
483 3697 638 3774 possunt,
684 3698 798 3773 utpote
838 3695 893 3773 qui
935 3711 1116 3759 sermonem
1159 3694 1327 3776 paulisper

151 3798 336 3865 variaverit
364 3835 403 3844 —
433 3799 517 3879 quod
554 3799 588 3863 in
624 3817 722 3881 opere
756 3805 892 3866 extenso
928 3819 990 3865 non
1027 3801 1141 3866 mirum
1177 3809 1249 3867 erat
1283 3833 1327 3848 -—

151 3915 350 3972 tamennon
375 3925 497 3987 paucas
522 3916 600 3986 puto
625 3925 665 3970 ex
688 3906 793 3989 libris,
819 3907 937 3986 quibus
961 3926 1040 3973 usus
1064 3912 1129 3989 est,
1167 3908 1327 3989 prodisse.

151 4013 214 4078 Sed
246 4014 288 4079 de
321 4015 382 4078 hac
412 4031 449 4079 re
481 4013 546 4078 alio
580 4014 649 4078 loco
682 4014 868 4080 accuratius
893 4014 1053 4080 disserere
1078 4015 1111 4078 in
1136 4015 1242 4080 animo
1267 4022 1326 4083 est.

257 4123 304 4186 Ac
326 4127 523 4203 praeterea,
549 4127 585 4185 ut
610 4121 694 4184 hanc
727 4121 820 4201 quasi
849 4121 1050 4202 provinciam
1083 4123 1326 4204 angustioribus

152 4227 273 4293 finibus
298 4228 623 4310 circumscriberem,
648 4228 850 4293 coniunctivi
876 4234 910 4293 et
934 4228 1073 4308 optativi
1105 4248 1199 4295 usum
1232 4230 1327 4311 plane

152 4337 214 4401 hoc
240 4337 273 4402 in
298 4335 411 4400 libello
440 4336 613 4418 neglegere
644 4335 799 4400 constitui
831 4341 1025 4417 tantumque
1057 4355 1237 4422 exponere,
1263 4356 1326 4418 qua

153 4443 280 4508 ratione
305 4441 419 4507 modus
444 4443 643 4509 indicativus
667 4450 765 4522 atque
791 4443 966 4523 participia
989 4452 1023 4508 et
1046 4444 1218 4530 infinitivi,
1245 4463 1327 4523 quae

153 4567 214 4629 pro
239 4549 400 4614 eiusmodi
424 4549 611 4616 indicativis
635 4549 742 4631 posita
764 4557 849 4632 suut,
876 4550 1101 4617 adhibeantur,
1141 4552 1206 4616 Nec
1223 4569 1326 4617 meum
