3264 5050
650 417 869 484 ..35-

173 623 207 682 et
231 621 360 684 veteres
384 613 530 682 ediscere
555 631 609 678 eos
634 619 861 680 assueverant.
895 612 981 680 Sane
1005 631 1068 678 non
1086 613 1157 678 dico
1170 612 1349 682 Diodorum

174 723 421 790 celeberrimam
445 721 535 786 iiiam
560 721 741 786 orationem
769 739 831 785 non
858 721 985 802 legisse,
1011 721 1070 788 sed
1095 723 1155 786 hoc
1180 721 1249 786 loco
1283 723 1348 789 alio

146 848 244 898 eum
271 829 435 910 scriptore
460 833 537 910 puio
564 845 653 891 usum
680 845 759 894 esse.
779 864 800 870 —
834 825 904 908 Quo
920 847 973 893 res
1000 828 1120 894 clarior
1147 830 1215 897 fiat.
1240 832 1348 897 locum

177 956 224 1002 or.
250 935 290 1002 de
315 955 389 1015 cor,
424 936 463 1000 de
500 953 561 1014 quo
595 934 726 1014 agitor,
760 935 877 1013 partim
915 935 1016 1000 liceat
1041 935 1175 1001 offerre:
1201 935 1349 1022 §lciiss

173 1042 295 1126 ἑσπέρα
331 1042 394 1122 μὲν
430 1036 490 1123 γάρ
525 1020 565 1126 ῆν
601 1039 668 1104 κτλ.
704 1040 760 1102 καὶ
794 1034 878 1119 μετά
914 1035 1056 1113 ταῦθ’άς
1079 1027 1182 1126 ἦλθεν
1205 1038 1225 1130 ῆ
1249 1018 1348 1131 βουλῆ

173 1152 228 1240 καὶ
263 1142 469 1236 άπῆγγειλαν
494 1145 525 1209 οἱ
558 1143 737 1230 πρυτάνεις
767 1140 1090 1232 τδπροσηγγελμέά
1130 1149 1256 1223 ἑαυτοῖς
1294 1155 1350 1217 καὶ

171 1251 227 1320 τὸν
265 1250 385 1341 ῆκοντα
410 1250 603 1341 παρήγαγον
626 1246 776 1326 κάκεῖτος
816 1245 921 1331 εἶπεν,
968 1248 1074 1342 ῆράτα
1106 1257 1167 1338 μὲν
1203 1253 1219 1321 ὁ
1251 1263 1351 1345 κῆρυξ

172 1358 233 1435 ίτίς
268 1359 440 1446 ἀγορεύειν
474 1359 625 1444 βούλεται
634 1354 654 1442 ;'
689 1357 812 1445 παρῄει
847 1357 989 1433 δὀιῗδείς.
1025 1361 1181 1437 πολλάκις
1219 1367 1254 1430 δὲ
1291 1371 1351 1430 τοῦ

172 1468 309 1558 κήρυκος
343 1467 524 1552 ἐρωτῶντος
559 1463 653 1533 οὐδὲν
699 1468 824 1548 μᾶλλον
854 1462 1001 1532 άνίστατ’
1036 1467 1157 1552 οὐδεὶς,
1191 1467 1350 1538 ἁπάντων

171 1577 235 1658 μὲν
268 1581 332 1642 τῶν
374 1578 558 1662 στρατηγεῖν
596 1571 787 1657 παρόντων,
812 1569 970 1640 ἁπάντων
1014 1576 1048 1640 δὲ
1088 1582 1152 1641 τῶν
1186 1574 1350 1668 “ρητο’ρων,

171 1681 329 1768 καλούσης
363 1683 398 1748 δὲ
434 1684 502 1769 [τῆς
543 1679 662 1768 κοινῆς]
694 1687 749 1768 τῆς
784 1684 944 1762 πατρίδος
969 1681 1103 1772 [φωνῆς]
1129 1681 1187 1749 τὸν
1216 1683 1351 1770 ἐροῦνθ’

173 1786 258 1874 ὑπὲρ
283 1794 479 1876 σωτηρίαςῐ),
534 1791 584 1856 nx
609 1791 841 1857 Demosthenis
865 1791 968 1874 igitur
998 1793 1068 1857 loco
1098 1795 1189 1874 impf.
1224 1794 1351 1884 παρῄει

173 1901 310 1984 prodiit,
335 1911 369 1964 et.
408 1917 480 1964 com
520 1917 618 1964 unum
659 1899 704 1962 sit
747 1899 946 1978 exemplum,
994 1918 1187 1980 cognoscere
1234 1907 1350 1991 possis,

179 2012 383 2088 quantopere
406 2007 446 2070 ab
470 2007 531 2070 hoc
556 2005 659 2070 iorma
683 2006 900 2070 abhorrueris.

283 2113 311 2180 E
335 2114 499 2178 contrario
521 2113 634 2178 acrisii
653 2112 843 2192 saepissime
860 2110 1030 2194 leguntur:
1058 2114 1098 2178 Vi
1120 2121 1166 2194 14,
1182 2120 1215 2180 3;
1232 2112 1351 2200 [Σεμί-

177 2215 288 2306 ραμις]
313 2214 372 2302 τῆν
396 2217 561 2298 Αἴγυπτον
585 2221 696 2282 πᾶσαν
720 2215 848 2303 ἐπῆλθε
872 2219 930 2282 καί
947 2222 1002 2304 τῆς
1018 2215 1195 2306 Λιβάηςτά
1213 2221 1350 2285 πλεῖστα

173 2331 468 2410 καταστρεψαμένη
500 2325 676 2411 παρῆλθεν
701 2321 747 2396 εἰς
777 2322 937 2410 Ἄμμωνα,
963 2327 1013 2392 ΙΙΙ,
1035 2334 1113 2400 6,4:
1147 2324 1255 2409 λαβὼν
1291 2323 1351 2413 γάρ

174 2429 329 2518 φρόνημα
353 2437 407 2519 τῆς
435 2432 598 2514 βασιλείας
634 2429 726 2506 ἄξιον
754 2432 908 2518 παρῆλθε
939 2429 1022 2512 μετὰ
1053 2438 1117 2496 τῶν
1146 2439 1352 2518 στρατιωτῶν

173 2538 218 2614 εἰς
253 2535 290 2606 τὸ
326 2533 535 2622 ἄβατον,Ἰν’
558 2546 655 2619 18,1;
692 2539 866 2623 παρῆλθεν
901 2537 959 2604 ἐπὶ
982 2535 1041 2603 τὸν
1065 2539 1219 2613 ὠκεανόν,
1247 2549 1298 2625 25,
1319 2534 1367 2608 lt'

172 2647 349 2734 παρῆλθεν
373 2643 419 2718 εἰς
442 2643 501 2718 τάς
525 2640 658 2732 Ἀθήνας
682 2647 736 2710 καὶ
759 2651 892 2726 μετέσχε
916 2651 983 2710 τῶν.
1004 2645 1040 2710 ἐν
1057 2642 1211 2713 Ἐλευσῖνι
1234 2669 1351 2735 μυστη-

173 2760 260 2842 ρίων,
287 2763 339 2835 31,
358 2761 394 2822 4:
420 2755 594 2840 παρῆλθεν
625 2751 671 2826 εἰς
703 2751 815 2818 Πάλον
846 2756 900 2818 καί
931 2753 1117 2844 ἐκαθάρθη,
1154 2760 1228 2824 item
1255 2763 1306 2840 33,
1323 2766 1349 2822 9.

178 2871 230 2937 33.
255 2870 300 2929 11.
336 2871 431 2934 oss.
466 2869 518 2944 64,
543 2871 567 2928 1.
596 2864 645 2928 XI
671 2871 769 2948 18,3;
801 2856 898 2933 αὐτὸς
922 2860 966 2934 εἰς
990 2858 1047 2926 τὸν
1071 2860 1221 2928 ἐναντίον
1244 2862 1351 2928 τόπον

175 2971 371 3057 παρῆλθεν,
397 2977 450 3051 811,
467 2982 497 3034 2:
523 2967 781 3051 πυνθανόμενοι
805 2969 982 3055 παρῆλθον
995 2969 1040 3041 εἰς
1056 2967 1242 3055 Τάναγραν,
1261 2979 1350 3057 92,1;

178 3076 262 3150 πείς
273 3082 334 3164 τῆν
346 3070 541 3160 άγοράν,“Χ1
558 3085 609 3158 118,
622 3085 660 3142 3:
674 3076 848 3162 παρῆλθεν
864 3073 910 3148 εἰς
921 3073 981 3163 τῆν
993 3073 1112 3161 χάραν,
1126 3080 1210 3145 ΧΙΙΙ
1230 3087 1300 3155 lon,
1319 3089 1350 3145 lx

176 3181 263 3256 π.εἰς
286 3183 323 3248 τὸ
348 3189 458 3270 μέσον,
483 3186 564 3252 XVI
579 3192 630 3265 38,
644 3193 674 3249 4.
698 3185 798 3250 XVII
813 3190 843 3266 4,
860 3193 887 3250 2.
914 3191 966 3264 37,
979 3192 1008 3249 ὁ.
1033 3191 1086 3266 411,
1103 3193 1129 3252 l.
1154 3187 1350 3269 XV1119‚5.

176 3300 228 3374 54,
244 3299 272 3357 3.
312 3299 407 3374 682.
446 3302 498 3362 118.
515 3299 542 3360 3,
581 3298 672 3373 aaa.
707 3293 793 3358 XIX
807 3297 859 3362 35.
877 3299 911 3353 n:
948 3290 1031 3363 nris
1067 3289 1210 3372 Πύδναν,
1248 3300 1350 3376 36,5;

173 3390 345 3480 άναλαβών
376 3394 435 3484 τῆν
468 3395 610 3478 δύναμιν
634 3398 808 3484 παρῆλθεν
838 3395 883 3469 εἰς
907 3390 1100 3480 Ἐκβάτανα,
1127 3407 1180 3476 54,
1195 3409 1222 3464 3.
1248 3407 1300 3481 63,
1319 3406 1350 3467 4.

174 3512 227 3588 114,
242 3516 280 3586 8,
305 3525 375 3572 cum
401 3506 490 3586 impi.
515 3507 721 3572 coniunctum
750 3513 801 3584 77,
820 3513 856 3569 5:
880 3501 926 3576 εἰς
949 3505 983 3569 δὲ,
1006 3501 1065 3591 τῆν
1088 3507 1238 3571 Χαλκίδα
1268 3528 1350 3591 παρ-

172 3612 257 3699 ῆλθε
296 3614 351 3676 καὶ
390 3608 447 3684 τὰς
486 3609 640 3692 δυνάμεις
674 3616 929 3698 μετεπέμπετο,
978 3620 1030 3692 84,
1053 3620 1087 3678 8ι
1124 3606 1350 3685 α’πολιπόντες

174 3720 351 3806 παρῆλθον
376 3716 422 3792 εἷς
444 3714 503 3806 τῆν
527 3716 638 3784 πάλιν.

281 3829 481 3910 Saepissime
506 3829 604 3894 eciam
622 3829 719 3894 hnius
733 3829 826 3894 verbi
846 3837 927 3910 part.
947 3828 1177 3894 inveniuntur:
1190 3829 1238 3893 IV
1255 3835 1304 3912 io,
1318 3835 1349 3893 7:

174 3931 354 4017 παρελθών
381 3929 427 4006 εἰς
458 3931 606 4016 Δελφοὺς
644 3931 739 4016 ἔλαβε
779 3930 932 4018 χρησμόν,
967 3942 1016 4011 18,
1032 3942 1063 4000 l:
1092 3930 1270 4018 παρελθών
1304 3931 1351 4005 εἰς

283 4149 309 4211 1)
329 4148 484 4214 Quaerunt
504 4148 531 4200 in
551 4146 686 4201 codicibus
705 4163 730 4200 v.
750 4146 777 4207 in
797 4146 838 4200 ed.
858 4147 1006 4200 Hermanni
1027 4145 1118 4214 Lipsii.
1139 4146 1245 4214 Lipsiae
1273 4147 1361 4202 1887.¹

177 4235 241 4290 Loci
260 4238 379 4304 corrupti
399 4237 532 4291 medicina
551 4235 631 4289 focile
650 4235 757 4288 videtur
778 4235 888 4287 inveniri
907 4251 986 4302 posse
1006 4251 1065 4290 curn
1085 4235 1231 4289 Diodorum
1252 4236 1349 4303 partim

172 4327 257 4380 secuti
276 4326 427 4380 scribimus:
456 4321 590 4398 καλούσης
616 4325 646 4380 δὲ
679 4324 728 4396 τῆς
752 4328 883 4392 πατρίδος
909 4319 957 4379 tou
976 4313 1171 4399 s'ponirii'rinsp
1191 4324 1239 4396 τῆς
1257 4325 1351 4396 κοινῆς

174 4419 317 4490 σωτηρίας.
347 4416 441 4488 φωνῆς
460 4432 536 4470 error
555 4421 597 4471 ast
616 4415 718 4470 librarii
744 4420 846 4468 temere
865 4415 1021 4480 scribentis,
1046 4416 1091 4482 qni
1112 4431 1145 4469 ex
1171 4413 1265 4486 κοινῆς
1283 4414 1351 4469 iecit

175 4505 270 4578 φωνῆς
288 4521 337 4574 per
350 4505 565 4575 dittographiam
580 4505 722 4574 quondam,
734 4504 832 4573 partim
847 4503 962 4559 fortasse
976 4506 1057 4559 verbo
1069 4499 1202 4578 καλούσης
1215 4497 1352 4560 inductas.
