<?xml version="1.0" encoding="UTF-8"?>
<!DOCTYPE html PUBLIC "-//W3C//DTD XHTML 1.0 Transitional//EN"
    "http://www.w3.org/TR/xhtml1/DTD/xhtml1-transitional.dtd">
<html xmlns="http://www.w3.org/1999/xhtml" xml:lang="en" lang="en">
 <head>
  <title>
</title>
<meta http-equiv="Content-Type" content="text/html;charset=utf-8" />
  <meta name='ocr-system' content='tesseract 3.04.00' />
  <meta name='ocr-capabilities' content='ocr_page ocr_carea ocr_par ocr_line ocrx_word'/>
</head>
<body>
  <div class='ocr_page' id='page_1' title='image "./deelocutionedio00hultgoog_0042.png"; bbox 0 0 3264 5050; ppageno 0'>
   <div class='ocr_carea' id='block_1_1' title="bbox 617 442 841 501">
    <p class='ocr_par' dir='ltr' id='par_1_1' title="bbox 617 442 841 501">
     <span class='ocr_line' id='line_1_1' title="bbox 617 442 841 501; baseline -0.004 -17"><span class='ocrx_word' id='word_1_1' title='bbox 617 442 841 501; x_wconf 84' lang='lat'>..39..</span> 
     </span>
    </p>
   </div>
   <div class='ocr_carea' id='block_1_2' title="bbox 126 628 1316 4498">
    <p class='ocr_par' dir='ltr' id='par_1_2' title="bbox 137 628 1316 1254">
     <span class='ocr_line' id='line_1_2' title="bbox 137 628 1315 717; baseline -0.002 -16"><span class='ocrx_word' id='word_1_2' title='bbox 137 655 173 701; x_wconf 92' lang='lat' dir='ltr'><strong>re</strong></span> <span class='ocrx_word' id='word_1_3' title='bbox 197 655 292 717; x_wconf 86' lang='lat' dir='ltr'><strong>nova,</strong></span> <span class='ocrx_word' id='word_1_4' title='bbox 316 652 411 715; x_wconf 87' lang='lat' dir='ltr'><strong>quam</strong></span> <span class='ocrx_word' id='word_1_5' title='bbox 437 652 502 699; x_wconf 86' lang='lat' dir='ltr'><strong>aur.</strong></span> <span class='ocrx_word' id='word_1_6' title='bbox 528 633 622 703; x_wconf 81' lang='lat' dir='ltr'><strong>dieit:</strong></span> <span class='ocrx_word' id='word_1_7' title='bbox 646 628 743 716; x_wconf 86' lang='grc' dir='ltr'><strong><em>έπίβη</em></strong></span> <span class='ocrx_word' id='word_1_8' title='bbox 758 636 804 717; x_wconf 76' lang='grc' dir='ltr'><strong><em>τῷ</em></strong></span> <span class='ocrx_word' id='word_1_9' title='bbox 818 635 925 711; x_wconf 83' lang='grc' dir='ltr'><strong><em>τείχει.</em></strong></span> <span class='ocrx_word' id='word_1_10' title='bbox 951 634 1076 699; x_wconf 84' lang='lat' dir='ltr'><strong>Eodem</strong></span> <span class='ocrx_word' id='word_1_11' title='bbox 1091 634 1185 700; x_wconf 89' lang='lat' dir='ltr'><strong>modu</strong></span> <span class='ocrx_word' id='word_1_12' title='bbox 1202 642 1315 715; x_wconf 86' lang='lat' dir='ltr'><strong>postea</strong></span> 
     </span>
     <span class='ocr_line' id='line_1_3' title="bbox 137 739 1316 824; baseline 0.003 -18"><span class='ocrx_word' id='word_1_13' title='bbox 137 744 268 824; x_wconf 88' lang='lat' dir='ltr'><strong>iterum,</strong></span> <span class='ocrx_word' id='word_1_14' title='bbox 294 761 365 806; x_wconf 88' lang='lat' dir='ltr'><strong>eum</strong></span> <span class='ocrx_word' id='word_1_15' title='bbox 390 741 477 806; x_wconf 89' lang='lat' dir='ltr'><strong>aetio</strong></span> <span class='ocrx_word' id='word_1_16' title='bbox 502 740 595 821; x_wconf 83' lang='lat' dir='ltr'><strong>quasi</strong></span> <span class='ocrx_word' id='word_1_17' title='bbox 612 739 766 807; x_wconf 81' lang='lat' dir='ltr'>consistit</span> <span class='ocrx_word' id='word_1_18' title='bbox 782 749 815 807; x_wconf 89' lang='lat' dir='ltr'><strong>et</strong></span> <span class='ocrx_word' id='word_1_19' title='bbox 833 748 1013 823; x_wconf 86' lang='lat' dir='ltr'><strong>permanet,</strong></span> <span class='ocrx_word' id='word_1_20' title='bbox 1037 743 1179 821; x_wconf 77' lang='lat' dir='ltr'><strong>scriptor</strong></span> <span class='ocrx_word' id='word_1_21' title='bbox 1206 743 1316 809; x_wconf 88' lang='lat' dir='ltr'><strong>utitur</strong></span> 
     </span>
     <span class='ocr_line' id='line_1_4' title="bbox 137 847 1313 932; baseline -0.001 -18"><span class='ocrx_word' id='word_1_22' title='bbox 137 847 361 931; x_wconf 80' lang='lat' dir='ltr'><strong>imperfectis:</strong></span> <span class='ocrx_word' id='word_1_23' title='bbox 386 855 635 928; x_wconf 86' lang='grc' dir='ltr'><strong><em>κατεπονεῖτο-</em></strong></span> <span class='ocrx_word' id='word_1_24' title='bbox 652 851 925 932; x_wconf 76' lang='grc' dir='ltr'><strong><em>προσανέβαινον,</em></strong></span> <span class='ocrx_word' id='word_1_25' title='bbox 958 849 1026 912; x_wconf 87' lang='lat' dir='ltr'><strong><em>ium</em></strong></span> <span class='ocrx_word' id='word_1_26' title='bbox 1059 848 1199 912; x_wconf 88' lang='lat' dir='ltr'><strong>aetionis</strong></span> <span class='ocrx_word' id='word_1_27' title='bbox 1231 855 1313 914; x_wconf 88' lang='lat' dir='ltr'><strong>tam·</strong></span> 
     </span>
     <span class='ocr_line' id='line_1_5' title="bbox 138 951 1314 1038; baseline -0.003 -17"><span class='ocrx_word' id='word_1_28' title='bbox 138 975 232 1037; x_wconf 88' lang='lat' dir='ltr'><strong>quam</strong></span> <span class='ocrx_word' id='word_1_29' title='bbox 247 974 443 1038; x_wconf 86' lang='lat' dir='ltr'><strong>progressus</strong></span> <span class='ocrx_word' id='word_1_30' title='bbox 457 955 579 1022; x_wconf 86' lang='lat' dir='ltr'><strong>aoristo</strong></span> <span class='ocrx_word' id='word_1_31' title='bbox 592 953 800 1036; x_wconf 84' lang='lat' dir='ltr'><strong>exprimitur:</strong></span> <span class='ocrx_word' id='word_1_32' title='bbox 813 957 1044 1037; x_wconf 76' lang='grc' dir='ltr'><strong><em>συντριβεισῶν</em></strong></span> <span class='ocrx_word' id='word_1_33' title='bbox 1055 955 1121 1017; x_wconf 90' lang='grc' dir='ltr'><strong><em>τῶν</em></strong></span> <span class='ocrx_word' id='word_1_34' title='bbox 1142 951 1314 1035; x_wconf 84' lang='grc' dir='ltr'><strong><em>κλιμάκων</em></strong></span> 
     </span>
     <span class='ocr_line' id='line_1_6' title="bbox 138 1060 1313 1147; baseline -0.001 -22"><span class='ocrx_word' id='word_1_35' title='bbox 138 1066 396 1147; x_wconf 80' lang='grc' dir='ltr'><strong><em>κατηνέχθησαν.</em></strong></span> <span class='ocrx_word' id='word_1_36' title='bbox 428 1099 459 1107; x_wconf 88' lang='grc'>-</span> <span class='ocrx_word' id='word_1_37' title='bbox 488 1063 555 1128; x_wconf 85' lang='lat' dir='ltr'><strong><em>Nee</em></strong></span> <span class='ocrx_word' id='word_1_38' title='bbox 578 1063 686 1128; x_wconf 90' lang='lat' dir='ltr'><strong>miuus</strong></span> <span class='ocrx_word' id='word_1_39' title='bbox 713 1060 918 1142; x_wconf 86' lang='lat' dir='ltr'><strong>perspicuum</strong></span> <span class='ocrx_word' id='word_1_40' title='bbox 945 1067 1007 1142; x_wconf 88' lang='lat' dir='ltr'><strong>est,</strong></span> <span class='ocrx_word' id='word_1_41' title='bbox 1032 1079 1090 1127; x_wconf 89' lang='lat' dir='ltr'><strong>eur</strong></span> <span class='ocrx_word' id='word_1_42' title='bbox 1106 1068 1190 1143; x_wconf 87' lang='lat' dir='ltr'><strong>part.</strong></span> <span class='ocrx_word' id='word_1_43' title='bbox 1208 1080 1313 1142; x_wconf 87' lang='lat' dir='ltr'><strong>praes.</strong></span> 
     </span>
     <span class='ocr_line' id='line_1_7' title="bbox 137 1161 1312 1254; baseline -0.003 -18"><span class='ocrx_word' id='word_1_44' title='bbox 137 1170 308 1251; x_wconf 81' lang='lat' dir='ltr'><strong>scripserit</strong></span> <span class='ocrx_word' id='word_1_45' title='bbox 324 1169 403 1234; x_wconf 90' lang='lat' dir='ltr'><strong><em>XIV</em></strong></span> <span class='ocrx_word' id='word_1_46' title='bbox 413 1175 523 1252; x_wconf 85' lang='grc'><strong><em>116,6;</em></strong></span> <span class='ocrx_word' id='word_1_47' title='bbox 549 1161 607 1250; x_wconf 81' lang='grc' dir='ltr'><strong><em>τὴν</em></strong></span> <span class='ocrx_word' id='word_1_48' title='bbox 622 1174 717 1250; x_wconf 75' lang='grc' dir='ltr'><strong><em>χεῖρα</em></strong></span> <span class='ocrx_word' id='word_1_49' title='bbox 732 1171 792 1230; x_wconf 84' lang='grc' dir='ltr'><strong><em>τοῦ</em></strong></span> <span class='ocrx_word' id='word_1_50' title='bbox 808 1171 1131 1250; x_wconf 88' lang='grc' dir='ltr'><strong><em>προσαναβαίνοντος</em></strong></span> <span class='ocrx_word' id='word_1_51' title='bbox 1146 1163 1312 1254; x_wconf 73' lang='grc' dir='ltr'><strong><em>ἀπέκοψε.</em></strong></span> 
     </span>
    </p>

    <p class='ocr_par' dir='ltr' id='par_1_3' title="bbox 133 1275 1315 2110">
     <span class='ocr_line' id='line_1_8' title="bbox 241 1275 1314 1358; baseline -0.004 -16"><span class='ocrx_word' id='word_1_52' title='bbox 241 1277 312 1342; x_wconf 84' lang='grc' dir='ltr'><strong><em>Ιαά.</em></strong></span> <span class='ocrx_word' id='word_1_53' title='bbox 349 1296 411 1342; x_wconf 84' lang='lat' dir='ltr'><strong>aer.</strong></span> <span class='ocrx_word' id='word_1_54' title='bbox 450 1276 562 1342; x_wconf 87' lang='lat' dir='ltr'><strong>iuveni</strong></span> <span class='ocrx_word' id='word_1_55' title='bbox 593 1276 703 1341; x_wconf 89' lang='lat' dir='ltr'><strong>eodem</strong></span> <span class='ocrx_word' id='word_1_56' title='bbox 736 1275 806 1340; x_wconf 85' lang='lat' dir='ltr'><strong>loeo</strong></span> <span class='ocrx_word' id='word_1_57' title='bbox 837 1275 918 1340; x_wconf 87' lang='lat' dir='ltr'><strong><em>XIV</em></strong></span> <span class='ocrx_word' id='word_1_58' title='bbox 937 1282 1059 1358; x_wconf 63' lang='lat' dir='ltr'><strong>ttae:</strong></span> <span class='ocrx_word' id='word_1_59' title='bbox 1089 1278 1156 1338; x_wconf 88' lang='grc' dir='ltr'><strong><em>τῶν</em></strong></span> <span class='ocrx_word' id='word_1_60' title='bbox 1180 1275 1314 1339; x_wconf 78' lang='grc' dir='ltr'><strong><em>Κελτῶν</em></strong></span> 
     </span>
     <span class='ocr_line' id='line_1_9' title="bbox 133 1376 1312 1467; baseline 0 -19"><span class='ocrx_word' id='word_1_61' title='bbox 133 1405 219 1455; x_wconf 87' lang='grc' dir='ltr'><strong><em>τινες</em></strong></span> <span class='ocrx_word' id='word_1_62' title='bbox 242 1376 325 1446; x_wconf 90' lang='grc' dir='ltr'><strong><em>κατά</em></strong></span> <span class='ocrx_word' id='word_1_63' title='bbox 351 1386 407 1465; x_wconf 78' lang='grc' dir='ltr'><strong><em>τῆς</em></strong></span> <span class='ocrx_word' id='word_1_64' title='bbox 430 1387 553 1465; x_wconf 77' lang='grc' dir='ltr'><strong><em>πέτρας</em></strong></span> <span class='ocrx_word' id='word_1_65' title='bbox 577 1385 837 1466; x_wconf 88' lang='grc' dir='ltr'><strong><em>προσανέβησαν.</em></strong></span> <span class='ocrx_word' id='word_1_66' title='bbox 873 1383 965 1449; x_wconf 84' lang='lat' dir='ltr'><strong>Pari.</strong></span> <span class='ocrx_word' id='word_1_67' title='bbox 990 1383 1114 1466; x_wconf 77' lang='lat' dir='ltr'><strong>legitur</strong></span> <span class='ocrx_word' id='word_1_68' title='bbox 1125 1383 1207 1449; x_wconf 90' lang='lat' dir='ltr'>XIV</span> <span class='ocrx_word' id='word_1_69' title='bbox 1221 1389 1274 1467; x_wconf 74' lang='grc' dir='ltr'><strong><em>ὅθ,</em></strong></span> <span class='ocrx_word' id='word_1_70' title='bbox 1285 1389 1312 1448; x_wconf 83' lang='lat'><strong><em>7:</em></strong></span> 
     </span>
     <span class='ocr_line' id='line_1_10' title="bbox 134 1483 1314 1574; baseline -0.003 -20"><span class='ocrx_word' id='word_1_71' title='bbox 134 1496 311 1572; x_wconf 80' lang='grc' dir='ltr'><strong><em>γενομένης</em></strong></span> <span class='ocrx_word' id='word_1_72' title='bbox 344 1489 379 1553; x_wconf 82' lang='grc' dir='ltr'><strong><em>δὲ</em></strong></span> <span class='ocrx_word' id='word_1_73' title='bbox 407 1493 463 1573; x_wconf 79' lang='grc' dir='ltr'><strong><em>τῆς</em></strong></span> <span class='ocrx_word' id='word_1_74' title='bbox 493 1483 601 1573; x_wconf 84' lang='grc' dir='ltr'><strong><em>μάχης</em></strong></span> <span class='ocrx_word' id='word_1_75' title='bbox 630 1484 766 1572; x_wconf 83' lang='grc' dir='ltr'><strong><em>έσχνράς</em></strong></span> <span class='ocrx_word' id='word_1_76' title='bbox 799 1490 854 1551; x_wconf 88' lang='grc' dir='ltr'><strong><em>καλ</em></strong></span> <span class='ocrx_word' id='word_1_77' title='bbox 876 1487 1011 1552; x_wconf 79' lang='grc' dir='ltr'><strong><em>πολλῶν</em></strong></span> <span class='ocrx_word' id='word_1_78' title='bbox 1034 1485 1314 1574; x_wconf 87' lang='grc' dir='ltr'><strong><em>προσαναβάντων</em></strong></span> 
     </span>
     <span class='ocr_line' id='line_1_11' title="bbox 133 1588 1313 1684; baseline 0.002 -24"><span class='ocrx_word' id='word_1_79' title='bbox 133 1595 229 1679; x_wconf 82' lang='grc' dir='ltr'><strong><em>μόγις</em></strong></span> <span class='ocrx_word' id='word_1_80' title='bbox 252 1595 282 1660; x_wconf 82' lang='grc' dir='ltr'><strong><em>οἱ</em></strong></span> <span class='ocrx_word' id='word_1_81' title='bbox 295 1597 491 1662; x_wconf 81' lang='grc' dir='ltr'><strong><em>Σικελιῶται</em></strong></span> <span class='ocrx_word' id='word_1_82' title='bbox 506 1600 551 1681; x_wconf 75' lang='grc' dir='ltr'><strong><em>τῷ</em></strong></span> <span class='ocrx_word' id='word_1_83' title='bbox 566 1591 692 1680; x_wconf 78' lang='grc' dir='ltr'><strong><em>πλήθει</em></strong></span> <span class='ocrx_word' id='word_1_84' title='bbox 710 1591 939 1681; x_wconf 89' lang='grc' dir='ltr'><strong><em>κατεπόνησαν</em></strong></span> <span class='ocrx_word' id='word_1_85' title='bbox 954 1591 1030 1667; x_wconf 77' lang='grc' dir='ltr'><strong><em>τοὺς</em></strong></span> <span class='ocrx_word' id='word_1_86' title='bbox 1049 1588 1313 1684; x_wconf 72' lang='grc' dir='ltr'><strong><em>ἀνθεστηκότας,</em></strong></span> 
     </span>
     <span class='ocr_line' id='line_1_12' title="bbox 135 1694 1311 1790; baseline -0.003 -18"><span class='ocrx_word' id='word_1_87' title='bbox 135 1707 234 1772; x_wconf 89' lang='lat' dir='ltr'>XVII</span> <span class='ocrx_word' id='word_1_88' title='bbox 250 1713 302 1789; x_wconf 77' lang='lat'><strong><em>99,</em></strong></span> <span class='ocrx_word' id='word_1_89' title='bbox 316 1711 353 1770; x_wconf 88' lang='lat'><strong><em>4:</em></strong></span> <span class='ocrx_word' id='word_1_90' title='bbox 371 1707 557 1789; x_wconf 82' lang='grc' dir='ltr'><strong><em>Πευκέστης</em></strong></span> <span class='ocrx_word' id='word_1_91' title='bbox 581 1694 626 1767; x_wconf 78' lang='grc' dir='ltr'><strong><em>δι’</em></strong></span> <span class='ocrx_word' id='word_1_92' title='bbox 637 1701 749 1786; x_wconf 80' lang='grc' dir='ltr'><strong><em>ἑτέρας</em></strong></span> <span class='ocrx_word' id='word_1_93' title='bbox 772 1702 930 1782; x_wconf 88' lang='grc' dir='ltr'><strong><em>κλίμακος</em></strong></span> <span class='ocrx_word' id='word_1_94' title='bbox 945 1700 1159 1787; x_wconf 87' lang='grc' dir='ltr'><strong><em>προσαναβάς</em></strong></span> <span class='ocrx_word' id='word_1_95' title='bbox 1181 1709 1311 1790; x_wconf 84' lang='grc' dir='ltr'><strong><em>πρῶτος</em></strong></span> 
     </span>
     <span class='ocr_line' id='line_1_13' title="bbox 135 1805 1312 1897; baseline 0 -21"><span class='ocrx_word' id='word_1_96' title='bbox 135 1807 336 1897; x_wconf 72' lang='grc' dir='ltr'><strong><em>ὑπερήσπισε</em></strong></span> <span class='ocrx_word' id='word_1_97' title='bbox 360 1806 418 1874; x_wconf 83' lang='grc' dir='ltr'><strong><em>τὸν</em></strong></span> <span class='ocrx_word' id='word_1_98' title='bbox 441 1810 586 1895; x_wconf 78' lang='grc' dir='ltr'><strong><em>βασιλέα,</em></strong></span> <span class='ocrx_word' id='word_1_99' title='bbox 616 1816 689 1895; x_wconf 87' lang='grc'><strong><em>107,</em></strong></span> <span class='ocrx_word' id='word_1_100' title='bbox 704 1818 737 1875; x_wconf 88' lang='lat'><strong><em>3:</em></strong></span> <span class='ocrx_word' id='word_1_101' title='bbox 763 1806 939 1891; x_wconf 84' lang='grc' dir='ltr'><strong><em>(Κάλανος)</em></strong></span> <span class='ocrx_word' id='word_1_102' title='bbox 964 1805 1074 1896; x_wconf 73' lang='grc' dir='ltr'><strong><em>ἠξίωσε</em></strong></span> <span class='ocrx_word' id='word_1_103' title='bbox 1097 1806 1157 1875; x_wconf 84' lang='grc' dir='ltr'><strong><em>τάν</em></strong></span> <span class='ocrx_word' id='word_1_104' title='bbox 1180 1811 1312 1895; x_wconf 87' lang='grc' dir='ltr'><strong><em>βασιλέα</em></strong></span> 
     </span>
     <span class='ocr_line' id='line_1_14' title="bbox 133 1911 1315 2005; baseline 0 -22"><span class='ocrx_word' id='word_1_105' title='bbox 133 1916 246 2004; x_wconf 88' lang='grc' dir='ltr'><strong><em>πυράν</em></strong></span> <span class='ocrx_word' id='word_1_106' title='bbox 281 1911 368 2005; x_wconf 72' lang='grc' dir='ltr'><strong><em>αὐτῷ</em></strong></span> <span class='ocrx_word' id='word_1_107' title='bbox 402 1914 550 2002; x_wconf 91' lang='grc' dir='ltr'><strong><em>μεγάλην</em></strong></span> <span class='ocrx_word' id='word_1_108' title='bbox 573 1914 812 1982; x_wconf 86' lang='grc' dir='ltr'><strong><em>κατασκευάσαι</em></strong></span> <span class='ocrx_word' id='word_1_109' title='bbox 836 1919 891 1981; x_wconf 84' lang='grc' dir='ltr'><strong><em>καὶ</em></strong></span> <span class='ocrx_word' id='word_1_110' title='bbox 915 1915 1183 2003; x_wconf 77' lang='grc' dir='ltr'><strong><em>προσαναβάντες</em></strong></span> <span class='ocrx_word' id='word_1_111' title='bbox 1213 1913 1315 1983; x_wconf 76' lang='grc' dir='ltr'><strong><em>αὐτοῦ.</em></strong></span> 
     </span>
     <span class='ocr_line' id='line_1_15' title="bbox 133 2020 860 2110; baseline -0.003 -19"><span class='ocrx_word' id='word_1_112' title='bbox 133 2023 315 2110; x_wconf 75' lang='grc' dir='ltr'><strong><em>προστάξαι</em></strong></span> <span class='ocrx_word' id='word_1_113' title='bbox 337 2033 405 2098; x_wconf 89' lang='grc' dir='ltr'><strong><em>τοῖς</em></strong></span> <span class='ocrx_word' id='word_1_114' title='bbox 429 2020 608 2110; x_wconf 76' lang='grc' dir='ltr'><strong><em>ὑπηρέταις</em></strong></span> <span class='ocrx_word' id='word_1_115' title='bbox 630 2027 700 2108; x_wconf 82' lang='grc' dir='ltr'><strong><em>πῦρ</em></strong></span> <span class='ocrx_word' id='word_1_116' title='bbox 727 2021 860 2091; x_wconf 79' lang='grc' dir='ltr'><strong><em>ἐνεῖναι.</em></strong></span> 
     </span>
    </p>

    <p class='ocr_par' dir='ltr' id='par_1_4' title="bbox 130 2127 1312 3076">
     <span class='ocr_line' id='line_1_16' title="bbox 240 2127 1312 2214; baseline 0.002 -15"><span class='ocrx_word' id='word_1_117' title='bbox 240 2128 324 2199; x_wconf 88' lang='grc' dir='ltr'><strong><em>ἀπό</em></strong></span> <span class='ocrx_word' id='word_1_118' title='bbox 330 2155 337 2196; x_wconf 88' lang='lat'><strong>:</strong></span> <span class='ocrx_word' id='word_1_119' title='bbox 388 2135 532 2200; x_wconf 83' lang='lat' dir='ltr'><strong>Verbum</strong></span> <span class='ocrx_word' id='word_1_120' title='bbox 569 2127 767 2214; x_wconf 90' lang='grc' dir='ltr'><strong><em>ἀποβαίνειν</em></strong></span> <span class='ocrx_word' id='word_1_121' title='bbox 806 2133 978 2200; x_wconf 86' lang='lat' dir='ltr'><strong>admodum</strong></span> <span class='ocrx_word' id='word_1_122' title='bbox 1018 2153 1092 2201; x_wconf 82' lang='lat' dir='ltr'><strong>raro</strong></span> <span class='ocrx_word' id='word_1_123' title='bbox 1132 2134 1312 2202; x_wconf 83' lang='lat' dir='ltr'><strong>iuvenitur.</strong></span> 
     </span>
     <span class='ocr_line' id='line_1_17' title="bbox 133 2239 1311 2323; baseline 0 -15"><span class='ocrx_word' id='word_1_124' title='bbox 133 2241 264 2308; x_wconf 84' lang='lat' dir='ltr'><strong>Nullum</strong></span> <span class='ocrx_word' id='word_1_125' title='bbox 301 2241 463 2308; x_wconf 80' lang='lat' dir='ltr'><strong>adnotavi</strong></span> <span class='ocrx_word' id='word_1_126' title='bbox 497 2241 621 2323; x_wconf 82' lang='lat' dir='ltr'><strong>locum,</strong></span> <span class='ocrx_word' id='word_1_127' title='bbox 658 2259 721 2320; x_wconf 86' lang='lat' dir='ltr'><strong>que</strong></span> <span class='ocrx_word' id='word_1_128' title='bbox 752 2239 843 2322; x_wconf 73' lang='grc' dir='ltr'><strong><em>ἰατρέ.</em></strong></span> <span class='ocrx_word' id='word_1_129' title='bbox 869 2242 1014 2322; x_wconf 80' lang='lat' dir='ltr'><strong>legatur,</strong></span> <span class='ocrx_word' id='word_1_130' title='bbox 1039 2242 1095 2307; x_wconf 88' lang='lat' dir='ltr'><strong>sed</strong></span> <span class='ocrx_word' id='word_1_131' title='bbox 1120 2241 1185 2306; x_wconf 88' lang='lat' dir='ltr'><strong>tria</strong></span> <span class='ocrx_word' id='word_1_132' title='bbox 1209 2243 1311 2309; x_wconf 86' lang='lat' dir='ltr'><strong>attuli</strong></span> 
     </span>
     <span class='ocr_line' id='line_1_18' title="bbox 130 2347 1311 2433; baseline 0.002 -19"><span class='ocrx_word' id='word_1_133' title='bbox 130 2349 307 2433; x_wconf 82' lang='lat' dir='ltr'><strong>partieipia</strong></span> <span class='ocrx_word' id='word_1_134' title='bbox 335 2348 528 2430; x_wconf 86' lang='lat' dir='ltr'><strong>praesentis.</strong></span> <span class='ocrx_word' id='word_1_135' title='bbox 581 2349 734 2414; x_wconf 84' lang='lat' dir='ltr'><strong>Ceterum</strong></span> <span class='ocrx_word' id='word_1_136' title='bbox 768 2367 808 2414; x_wconf 89' lang='lat' dir='ltr'><strong>ue</strong></span> <span class='ocrx_word' id='word_1_137' title='bbox 838 2347 897 2413; x_wconf 88' lang='lat' dir='ltr'><strong>hoe</strong></span> <span class='ocrx_word' id='word_1_138' title='bbox 928 2348 1057 2428; x_wconf 90' lang='lat' dir='ltr'><strong>quidem</strong></span> <span class='ocrx_word' id='word_1_139' title='bbox 1097 2352 1311 2430; x_wconf 83' lang='lat' dir='ltr'><strong>compositum</strong></span> 
     </span>
     <span class='ocr_line' id='line_1_19' title="bbox 132 2454 1309 2540; baseline 0.001 -18"><span class='ocrx_word' id='word_1_140' title='bbox 132 2458 308 2538; x_wconf 87' lang='lat' dir='ltr'><strong>quidquam</strong></span> <span class='ocrx_word' id='word_1_141' title='bbox 342 2456 441 2522; x_wconf 87' lang='lat' dir='ltr'><strong>babet</strong></span> <span class='ocrx_word' id='word_1_142' title='bbox 471 2454 646 2538; x_wconf 84' lang='lat' dir='ltr'><strong>singulare.</strong></span> <span class='ocrx_word' id='word_1_143' title='bbox 692 2455 782 2520; x_wconf 87' lang='lat' dir='ltr'><strong>Part.</strong></span> <span class='ocrx_word' id='word_1_144' title='bbox 813 2474 921 2537; x_wconf 84' lang='lat' dir='ltr'><strong>praes.</strong></span> <span class='ocrx_word' id='word_1_145' title='bbox 952 2462 1063 2521; x_wconf 85' lang='lat' dir='ltr'><strong>exstat</strong></span> <span class='ocrx_word' id='word_1_146' title='bbox 1085 2455 1172 2522; x_wconf 92' lang='lat' dir='ltr'>XIII</span> <span class='ocrx_word' id='word_1_147' title='bbox 1189 2464 1261 2540; x_wconf 85' lang='grc'><strong><em>110,</em></strong></span> <span class='ocrx_word' id='word_1_148' title='bbox 1278 2464 1309 2525; x_wconf 89' lang='grc'><strong><em>1;</em></strong></span> 
     </span>
     <span class='ocr_line' id='line_1_20' title="bbox 131 2556 1308 2648; baseline 0.002 -22"><span class='ocrx_word' id='word_1_149' title='bbox 131 2558 368 2648; x_wconf 66' lang='grc' dir='ltr'><strong><em>παρεβοήθουν</em></strong></span> <span class='ocrx_word' id='word_1_150' title='bbox 411 2557 616 2645; x_wconf 72' lang='grc' dir='ltr'><strong><em>ἀνείργοντες</em></strong></span> <span class='ocrx_word' id='word_1_151' title='bbox 644 2556 719 2633; x_wconf 79' lang='grc' dir='ltr'><strong><em>τούς</em></strong></span> <span class='ocrx_word' id='word_1_152' title='bbox 749 2558 784 2624; x_wconf 87' lang='grc' dir='ltr'><strong><em>έκ</em></strong></span> <span class='ocrx_word' id='word_1_153' title='bbox 815 2565 879 2625; x_wconf 83' lang='grc' dir='ltr'><strong><em>τῶν</em></strong></span> <span class='ocrx_word' id='word_1_154' title='bbox 929 2566 1011 2626; x_wconf 89' lang='grc' dir='ltr'><strong><em>νεῶν</em></strong></span> <span class='ocrx_word' id='word_1_155' title='bbox 1055 2556 1308 2647; x_wconf 74' lang='grc' dir='ltr'><strong><em>ἀποβαίνοντας,</em></strong></span> 
     </span>
     <span class='ocr_line' id='line_1_21' title="bbox 132 2665 1308 2756; baseline -0.002 -20"><span class='ocrx_word' id='word_1_156' title='bbox 132 2672 213 2737; x_wconf 92' lang='lat' dir='ltr'>XIV</span> <span class='ocrx_word' id='word_1_157' title='bbox 226 2675 279 2752; x_wconf 84' lang='grc'><strong><em>68,</em></strong></span> <span class='ocrx_word' id='word_1_158' title='bbox 294 2679 328 2736; x_wconf 88' lang='lat'><strong><em>9:</em></strong></span> <span class='ocrx_word' id='word_1_159' title='bbox 351 2671 408 2733; x_wconf 81' lang='grc' dir='ltr'><strong><em>καὶ</em></strong></span> <span class='ocrx_word' id='word_1_160' title='bbox 432 2673 564 2751; x_wconf 76' lang='grc' dir='ltr'><strong><em>πρῶτον</em></strong></span> <span class='ocrx_word' id='word_1_161' title='bbox 587 2668 649 2750; x_wconf 80' lang='grc' dir='ltr'><strong><em>μέν</em></strong></span> <span class='ocrx_word' id='word_1_162' title='bbox 673 2670 752 2752; x_wconf 80' lang='grc' dir='ltr'><strong><em>περὶ</em></strong></span> <span class='ocrx_word' id='word_1_163' title='bbox 775 2665 957 2752; x_wconf 88' lang='grc' dir='ltr'><strong><em>Πάνορμον</em></strong></span> <span class='ocrx_word' id='word_1_164' title='bbox 985 2666 1165 2750; x_wconf 87' lang='grc' dir='ltr'><strong><em>δυνάμενος</em></strong></span> <span class='ocrx_word' id='word_1_165' title='bbox 1197 2693 1308 2756; x_wconf 90' lang='grc' dir='ltr'><strong><em>παρα-</em></strong></span> 
     </span>
     <span class='ocr_line' id='line_1_22' title="bbox 131 2771 1307 2858; baseline -0.001 -16"><span class='ocrx_word' id='word_1_166' title='bbox 131 2775 296 2853; x_wconf 73' lang='grc' dir='ltr'><strong><em>τάξασθαι</em></strong></span> <span class='ocrx_word' id='word_1_167' title='bbox 332 2785 400 2848; x_wconf 88' lang='grc' dir='ltr'><strong><em>τοῐς</em></strong></span> <span class='ocrx_word' id='word_1_168' title='bbox 438 2776 615 2858; x_wconf 88' lang='grc' dir='ltr'><strong><em>πολεμίους</em></strong></span> <span class='ocrx_word' id='word_1_169' title='bbox 653 2771 903 2858; x_wconf 85' lang='grc' dir='ltr'><strong><em>ἀποβαινόντων</em></strong></span> <span class='ocrx_word' id='word_1_170' title='bbox 927 2774 963 2840; x_wconf 81' lang='grc' dir='ltr'><strong><em>ἐκ</em></strong></span> <span class='ocrx_word' id='word_1_171' title='bbox 989 2781 1052 2841; x_wconf 87' lang='grc' dir='ltr'><strong><em>τῶν</em></strong></span> <span class='ocrx_word' id='word_1_172' title='bbox 1077 2781 1159 2841; x_wconf 89' lang='grc' dir='ltr'><strong><em>νεῶν</em></strong></span> <span class='ocrx_word' id='word_1_173' title='bbox 1182 2778 1238 2841; x_wconf 88' lang='grc' dir='ltr'><strong><em>καλ</em></strong></span> <span class='ocrx_word' id='word_1_174' title='bbox 1267 2773 1307 2843; x_wconf 87' lang='grc' dir='ltr'><strong><em>τά</em></strong></span> 
     </span>
     <span class='ocr_line' id='line_1_23' title="bbox 130 2876 1308 2971; baseline 0.005 -24"><span class='ocrx_word' id='word_1_175' title='bbox 130 2882 263 2966; x_wconf 72' lang='grc' dir='ltr'><strong><em>στόματα</em></strong></span> <span class='ocrx_word' id='word_1_176' title='bbox 287 2889 392 2956; x_wconf 89' lang='grc' dir='ltr'><strong><em>κακῶς</em></strong></span> <span class='ocrx_word' id='word_1_177' title='bbox 423 2880 563 2963; x_wconf 80' lang='grc' dir='ltr'><strong><em>ἐχόντων</em></strong></span> <span class='ocrx_word' id='word_1_178' title='bbox 587 2879 641 2949; x_wconf 85' lang='grc' dir='ltr'><strong><em>διὰ</em></strong></span> <span class='ocrx_word' id='word_1_179' title='bbox 668 2880 725 2948; x_wconf 86' lang='grc' dir='ltr'><strong><em>τὸν</em></strong></span> <span class='ocrx_word' id='word_1_180' title='bbox 749 2879 850 2948; x_wconf 89' lang='grc' dir='ltr'><strong><em>σάλον</em></strong></span> <span class='ocrx_word' id='word_1_181' title='bbox 874 2877 932 2948; x_wconf 81' lang='grc' dir='ltr'><strong><em>οὐκ</em></strong></span> <span class='ocrx_word' id='word_1_182' title='bbox 956 2876 1136 2970; x_wconf 76' lang='grc' dir='ltr'><strong><em>ἠβουλήθη.</em></strong></span> <span class='ocrx_word' id='word_1_183' title='bbox 1183 2887 1308 2971; x_wconf 78' lang='lat' dir='ltr'><strong>Quibus</strong></span> 
     </span>
     <span class='ocr_line' id='line_1_24' title="bbox 130 2990 1308 3076; baseline 0.003 -18"><span class='ocrx_word' id='word_1_184' title='bbox 130 2993 211 3060; x_wconf 85' lang='lat' dir='ltr'><strong>lueis</strong></span> <span class='ocrx_word' id='word_1_185' title='bbox 235 3011 289 3058; x_wconf 84' lang='lat' dir='ltr'><strong>res</strong></span> <span class='ocrx_word' id='word_1_186' title='bbox 313 2990 506 3074; x_wconf 82' lang='lat' dir='ltr'><strong>imperfecte</strong></span> <span class='ocrx_word' id='word_1_187' title='bbox 531 3012 569 3059; x_wconf 88' lang='lat' dir='ltr'><strong>ae</strong></span> <span class='ocrx_word' id='word_1_188' title='bbox 593 2994 715 3059; x_wconf 87' lang='lat' dir='ltr'><strong>durans</strong></span> <span class='ocrx_word' id='word_1_189' title='bbox 739 3001 831 3058; x_wconf 89' lang='lat' dir='ltr'><strong>reete</strong></span> <span class='ocrx_word' id='word_1_190' title='bbox 848 3000 932 3076; x_wconf 87' lang='lat' dir='ltr'><strong>part.</strong></span> <span class='ocrx_word' id='word_1_191' title='bbox 951 3012 1058 3074; x_wconf 86' lang='lat' dir='ltr'><strong>praee.</strong></span> <span class='ocrx_word' id='word_1_192' title='bbox 1074 3013 1230 3076; x_wconf 80' lang='lat' dir='ltr'><strong>expressa</strong></span> <span class='ocrx_word' id='word_1_193' title='bbox 1246 3002 1308 3061; x_wconf 88' lang='lat' dir='ltr'><strong>est·</strong></span> 
     </span>
    </p>

    <p class='ocr_par' dir='ltr' id='par_1_5' title="bbox 128 3092 1307 3826">
     <span class='ocr_line' id='line_1_25' title="bbox 237 3092 1307 3184; baseline -0.003 -18"><span class='ocrx_word' id='word_1_194' title='bbox 237 3101 307 3166; x_wconf 90' lang='lat' dir='ltr'>Iud.</span> <span class='ocrx_word' id='word_1_195' title='bbox 331 3120 399 3167; x_wconf 87' lang='lat' dir='ltr'><strong>aor.</strong></span> <span class='ocrx_word' id='word_1_196' title='bbox 424 3107 534 3166; x_wconf 83' lang='lat' dir='ltr'><strong>exstat</strong></span> <span class='ocrx_word' id='word_1_197' title='bbox 558 3101 652 3182; x_wconf 67' lang='lat' dir='ltr'><strong><em>Vbi),</em></strong></span> <span class='ocrx_word' id='word_1_198' title='bbox 668 3106 701 3167; x_wconf 89' lang='lat'><strong><em>3:</em></strong></span> <span class='ocrx_word' id='word_1_199' title='bbox 727 3093 745 3162; x_wconf 86' lang='grc' dir='ltr'>ὁ</span> <span class='ocrx_word' id='word_1_200' title='bbox 769 3098 833 3180; x_wconf 79' lang='grc' dir='ltr'><strong><em>μὲν</em></strong></span> <span class='ocrx_word' id='word_1_201' title='bbox 855 3094 1003 3183; x_wconf 77' lang='grc' dir='ltr'><strong><em>Κατρεὺς</em></strong></span> <span class='ocrx_word' id='word_1_202' title='bbox 1025 3092 1136 3184; x_wconf 89' lang='grc' dir='ltr'><strong><em>ἀπέβη</em></strong></span> <span class='ocrx_word' id='word_1_203' title='bbox 1160 3097 1217 3164; x_wconf 81' lang='grc' dir='ltr'><strong><em>ἐπὶ</em></strong></span> <span class='ocrx_word' id='word_1_204' title='bbox 1249 3095 1307 3172; x_wconf 64' lang='grc' dir='ltr'><strong><em>ττῖν</em></strong></span> 
     </span>
     <span class='ocr_line' id='line_1_26' title="bbox 128 3199 1307 3292; baseline 0.003 -23"><span class='ocrx_word' id='word_1_205' title='bbox 128 3201 256 3270; x_wconf 82' lang='grc' dir='ltr'><strong><em>Ῥοδίαν</em></strong></span> <span class='ocrx_word' id='word_1_206' title='bbox 284 3200 398 3277; x_wconf 85' lang='grc' dir='ltr'><strong><em>νυκτός</em></strong></span> <span class='ocrx_word' id='word_1_207' title='bbox 430 3206 551 3274; x_wconf 85' lang='grc' dir='ltr'><strong><em>καλ...</em></strong></span> <span class='ocrx_word' id='word_1_208' title='bbox 586 3199 741 3292; x_wconf 77' lang='grc' dir='ltr'><strong><em>η’κόντισε,</em></strong></span> <span class='ocrx_word' id='word_1_209' title='bbox 774 3215 858 3290; x_wconf 82' lang='lat' dir='ltr'><strong>part.</strong></span> <span class='ocrx_word' id='word_1_210' title='bbox 888 3209 921 3274; x_wconf 92' lang='lat' dir='ltr'><strong><em>ib</em></strong></span> <span class='ocrx_word' id='word_1_211' title='bbox 964 3213 1017 3289; x_wconf 81' lang='lat'><strong><em>50,</em></strong></span> <span class='ocrx_word' id='word_1_212' title='bbox 1040 3217 1078 3274; x_wconf 88' lang='lat'><strong><em>4:</em></strong></span> <span class='ocrx_word' id='word_1_213' title='bbox 1123 3200 1307 3290; x_wconf 84' lang='grc' dir='ltr'><strong><em>ἀποβάντες</em></strong></span> 
     </span>
     <span class='ocr_line' id='line_1_27' title="bbox 131 3305 1307 3402; baseline 0.001 -25"><span class='ocrx_word' id='word_1_214' title='bbox 131 3317 335 3398; x_wconf 83' lang='grc' dir='ltr'><strong><em>περιέτυχον,</em></strong></span> <span class='ocrx_word' id='word_1_215' title='bbox 368 3315 420 3380; x_wconf 90' lang='lat' dir='ltr'>XI</span> <span class='ocrx_word' id='word_1_216' title='bbox 432 3321 485 3390; x_wconf 85' lang='lat'><strong><em>88,</em></strong></span> <span class='ocrx_word' id='word_1_217' title='bbox 511 3321 544 3379; x_wconf 94' lang='lat' dir='ltr'><strong><em>l:</em></strong></span> <span class='ocrx_word' id='word_1_218' title='bbox 573 3305 702 3396; x_wconf 81' lang='grc' dir='ltr'><strong><em>ἀποβὰς</em></strong></span> <span class='ocrx_word' id='word_1_219' title='bbox 732 3311 778 3385; x_wconf 85' lang='grc' dir='ltr'><strong><em>εἰς</em></strong></span> <span class='ocrx_word' id='word_1_220' title='bbox 810 3311 1066 3400; x_wconf 89' lang='grc' dir='ltr'><strong><em>Πελοπόννησον</em></strong></span> <span class='ocrx_word' id='word_1_221' title='bbox 1094 3309 1213 3402; x_wconf 70' lang='grc' dir='ltr'><strong><em>ἐδῄωσε</em></strong></span> <span class='ocrx_word' id='word_1_222' title='bbox 1245 3311 1307 3401; x_wconf 79' lang='grc' dir='ltr'><strong><em>την</em></strong></span> 
     </span>
     <span class='ocr_line' id='line_1_28' title="bbox 131 3416 1306 3506; baseline 0.007 -24"><span class='ocrx_word' id='word_1_223' title='bbox 131 3417 250 3506; x_wconf 79' lang='grc' dir='ltr'><strong><em>χώραν,</em></strong></span> <span class='ocrx_word' id='word_1_224' title='bbox 289 3422 467 3504; x_wconf 78' lang='lat' dir='ltr'>XV42‚4:</span> <span class='ocrx_word' id='word_1_225' title='bbox 509 3416 735 3504; x_wconf 85' lang='grc' dir='ltr'><strong><em>ἀποβάντες..</em></strong></span> <span class='ocrx_word' id='word_1_226' title='bbox 775 3423 932 3506; x_wconf 78' lang='grc' dir='ltr'><strong><em>προῆγον,</em></strong></span> <span class='ocrx_word' id='word_1_227' title='bbox 973 3422 1062 3489; x_wconf 86' lang='lat' dir='ltr'><strong>infin.</strong></span> <span class='ocrx_word' id='word_1_228' title='bbox 1099 3423 1306 3490; x_wconf 78' lang='lat' dir='ltr'><strong>irroratione</strong></span> 
     </span>
     <span class='ocr_line' id='line_1_29' title="bbox 130 3523 1306 3614; baseline 0.001 -20"><span class='ocrx_word' id='word_1_229' title='bbox 130 3530 263 3610; x_wconf 83' lang='lat' dir='ltr'><strong>obliqua</strong></span> <span class='ocrx_word' id='word_1_230' title='bbox 287 3530 334 3595; x_wconf 92' lang='lat' dir='ltr'>IV</span> <span class='ocrx_word' id='word_1_231' title='bbox 347 3535 400 3612; x_wconf 80' lang='lat'><strong><em>43,</em></strong></span> <span class='ocrx_word' id='word_1_232' title='bbox 416 3537 448 3594; x_wconf 88' lang='lat'><strong><em>3:</em></strong></span> <span class='ocrx_word' id='word_1_233' title='bbox 484 3524 524 3592; x_wconf 86' lang='grc' dir='ltr'><strong><em>αά</em></strong></span> <span class='ocrx_word' id='word_1_234' title='bbox 558 3525 709 3603; x_wconf 77' lang='grc' dir='ltr'><strong><em>λόξαντος</em></strong></span> <span class='ocrx_word' id='word_1_235' title='bbox 740 3533 800 3592; x_wconf 86' lang='grc' dir='ltr'><strong><em>τοῦ</em></strong></span> <span class='ocrx_word' id='word_1_236' title='bbox 833 3533 993 3609; x_wconf 85' lang='grc' dir='ltr'><strong><em>χειμῶνος</em></strong></span> <span class='ocrx_word' id='word_1_237' title='bbox 1028 3523 1197 3614; x_wconf 79' lang='grc' dir='ltr'><strong><em>ἀποβῆναι</em></strong></span> <span class='ocrx_word' id='word_1_238' title='bbox 1231 3525 1306 3602; x_wconf 82' lang='grc' dir='ltr'><strong><em>τούς</em></strong></span> 
     </span>
     <span class='ocr_line' id='line_1_30' title="bbox 128 3630 1304 3722; baseline 0.004 -22"><span class='ocrx_word' id='word_1_239' title='bbox 128 3630 270 3720; x_wconf 87' lang='grc' dir='ltr'><strong><em>ἀριστεῖς</em></strong></span> <span class='ocrx_word' id='word_1_240' title='bbox 291 3640 346 3721; x_wconf 81' lang='grc' dir='ltr'><strong><em>τῆς</em></strong></span> <span class='ocrx_word' id='word_1_241' title='bbox 371 3632 502 3722; x_wconf 79' lang='grc' dir='ltr'><strong><em>Θράκης</em></strong></span> <span class='ocrx_word' id='word_1_242' title='bbox 523 3635 569 3708; x_wconf 87' lang='grc' dir='ltr'><strong><em>εἰς</em></strong></span> <span class='ocrx_word' id='word_1_243' title='bbox 591 3632 650 3721; x_wconf 76' lang='grc' dir='ltr'><strong><em>τὴν</em></strong></span> <span class='ocrx_word' id='word_1_244' title='bbox 674 3633 793 3721; x_wconf 77' lang='grc' dir='ltr'><strong><em>χώραν.</em></strong></span> <span class='ocrx_word' id='word_1_245' title='bbox 841 3639 968 3722; x_wconf 76' lang='lat' dir='ltr'><strong>Quibus</strong></span> <span class='ocrx_word' id='word_1_246' title='bbox 992 3638 1033 3704; x_wconf 91' lang='lat' dir='ltr'><strong>de</strong></span> <span class='ocrx_word' id='word_1_247' title='bbox 1056 3638 1216 3719; x_wconf 87' lang='lat' dir='ltr'><strong>exemplis</strong></span> <span class='ocrx_word' id='word_1_248' title='bbox 1241 3659 1304 3705; x_wconf 82' lang='lat' dir='ltr'><strong><em>non</em></strong></span> 
     </span>
     <span class='ocr_line' id='line_1_31' title="bbox 130 3746 670 3826; baseline 0 -17"><span class='ocrx_word' id='word_1_249' title='bbox 130 3763 212 3826; x_wconf 90' lang='lat' dir='ltr'><strong>opus</strong></span> <span class='ocrx_word' id='word_1_250' title='bbox 235 3752 286 3810; x_wconf 87' lang='lat' dir='ltr'><strong><em>eet</em></strong></span> <span class='ocrx_word' id='word_1_251' title='bbox 309 3747 404 3826; x_wconf 86' lang='lat' dir='ltr'><strong>plura</strong></span> <span class='ocrx_word' id='word_1_252' title='bbox 428 3747 529 3812; x_wconf 86' lang='lat' dir='ltr'><strong>verba</strong></span> <span class='ocrx_word' id='word_1_253' title='bbox 552 3746 670 3811; x_wconf 85' lang='lat' dir='ltr'><strong>faeere.</strong></span> 
     </span>
    </p>

    <p class='ocr_par' dir='ltr' id='par_1_6' title="bbox 126 3865 1303 4498">
     <span class='ocr_line' id='line_1_32' title="bbox 237 3865 1303 3953; baseline 0.001 -19"><span class='ocrx_word' id='word_1_254' title='bbox 237 3865 309 3936; x_wconf 83' lang='grc' dir='ltr'><strong><em>διά;</em></strong></span> <span class='ocrx_word' id='word_1_255' title='bbox 336 3871 478 3936; x_wconf 85' lang='lat' dir='ltr'><strong>Verbum</strong></span> <span class='ocrx_word' id='word_1_256' title='bbox 503 3871 686 3952; x_wconf 85' lang='grc' dir='ltr'><strong><em>διαβαίνειν</em></strong></span> <span class='ocrx_word' id='word_1_257' title='bbox 710 3871 900 3952; x_wconf 87' lang='lat' dir='ltr'><strong>saepissime</strong></span> <span class='ocrx_word' id='word_1_258' title='bbox 924 3870 1105 3953; x_wconf 85' lang='lat' dir='ltr'><strong>invenitur,</strong></span> <span class='ocrx_word' id='word_1_259' title='bbox 1131 3872 1188 3938; x_wconf 88' lang='lat' dir='ltr'><strong>sed</strong></span> <span class='ocrx_word' id='word_1_260' title='bbox 1201 3874 1303 3938; x_wconf 84' lang='lat' dir='ltr'><strong>multo</strong></span> 
     </span>
     <span class='ocr_line' id='line_1_33' title="bbox 131 3979 1303 4061; baseline 0.001 -17"><span class='ocrx_word' id='word_1_261' title='bbox 131 3979 262 4059; x_wconf 86' lang='lat' dir='ltr'><strong>saepius</strong></span> <span class='ocrx_word' id='word_1_262' title='bbox 287 3979 433 4044; x_wconf 84' lang='lat' dir='ltr'><strong>aoristus</strong></span> <span class='ocrx_word' id='word_1_263' title='bbox 458 3997 553 4059; x_wconf 90' lang='lat' dir='ltr'><strong>quam</strong></span> <span class='ocrx_word' id='word_1_264' title='bbox 581 3979 807 4058; x_wconf 82' lang='lat' dir='ltr'><strong>imperfectum</strong></span> <span class='ocrx_word' id='word_1_265' title='bbox 833 3980 885 4044; x_wconf 91' lang='lat' dir='ltr'><strong>vei</strong></span> <span class='ocrx_word' id='word_1_266' title='bbox 901 3997 1070 4061; x_wconf 82' lang='lat' dir='ltr'><strong>praeseus,</strong></span> <span class='ocrx_word' id='word_1_267' title='bbox 1095 3979 1180 4060; x_wconf 87' lang='lat' dir='ltr'><strong>quod</strong></span> <span class='ocrx_word' id='word_1_268' title='bbox 1196 3979 1303 4061; x_wconf 86' lang='lat' dir='ltr'><strong>magis</strong></span> 
     </span>
     <span class='ocr_line' id='line_1_34' title="bbox 129 4085 1303 4166; baseline -0.001 -16"><span class='ocrx_word' id='word_1_269' title='bbox 129 4085 228 4151; x_wconf 89' lang='lat' dir='ltr'><strong>rebus</strong></span> <span class='ocrx_word' id='word_1_270' title='bbox 252 4085 334 4166; x_wconf 88' lang='lat' dir='ltr'><strong>ipsis</strong></span> <span class='ocrx_word' id='word_1_271' title='bbox 358 4103 453 4166; x_wconf 88' lang='lat' dir='ltr'><strong>quam</strong></span> <span class='ocrx_word' id='word_1_272' title='bbox 480 4103 540 4151; x_wconf 86' lang='lat' dir='ltr'><strong><em>usu</em></strong></span> <span class='ocrx_word' id='word_1_273' title='bbox 564 4087 702 4166; x_wconf 87' lang='lat' dir='ltr'><strong>quodam</strong></span> <span class='ocrx_word' id='word_1_274' title='bbox 728 4085 887 4152; x_wconf 84' lang='lat' dir='ltr'><strong>sermonis</strong></span> <span class='ocrx_word' id='word_1_275' title='bbox 911 4085 1006 4151; x_wconf 85' lang='lat' dir='ltr'><strong>effici.</strong></span> <span class='ocrx_word' id='word_1_276' title='bbox 1022 4085 1165 4152; x_wconf 86' lang='lat' dir='ltr'><strong>videtur.</strong></span> <span class='ocrx_word' id='word_1_277' title='bbox 1195 4086 1303 4152; x_wconf 85' lang='lat' dir='ltr'><strong>Semel</strong></span> 
     </span>
     <span class='ocr_line' id='line_1_35' title="bbox 131 4185 1302 4277; baseline -0.001 -21"><span class='ocrx_word' id='word_1_278' title='bbox 131 4194 243 4258; x_wconf 84' lang='lat' dir='ltr'><strong>uutavi</strong></span> <span class='ocrx_word' id='word_1_279' title='bbox 269 4191 358 4273; x_wconf 71' lang='grc' dir='ltr'><strong><em>ἰατρέ.</em></strong></span> <span class='ocrx_word' id='word_1_280' title='bbox 390 4193 423 4258; x_wconf 90' lang='lat' dir='ltr'>X</span> <span class='ocrx_word' id='word_1_281' title='bbox 446 4192 484 4257; x_wconf 87' lang='lat' dir='ltr'><strong><em>fr.</em></strong></span> <span class='ocrx_word' id='word_1_282' title='bbox 511 4197 566 4256; x_wconf 86' lang='lat'><strong><em>33:</em></strong></span> <span class='ocrx_word' id='word_1_283' title='bbox 596 4195 661 4256; x_wconf 90' lang='grc' dir='ltr'><strong><em>τῶν</em></strong></span> <span class='ocrx_word' id='word_1_284' title='bbox 690 4185 849 4276; x_wconf 79' lang='grc' dir='ltr'><strong><em>Ἑλλήνων</em></strong></span> <span class='ocrx_word' id='word_1_285' title='bbox 881 4187 1017 4256; x_wconf 88' lang='grc' dir='ltr'><strong><em>πόντων</em></strong></span> <span class='ocrx_word' id='word_1_286' title='bbox 1046 4192 1302 4277; x_wconf 83' lang='grc' dir='ltr'><strong><em>διαπρεσβευσα-</em></strong></span> 
     </span>
     <span class='ocr_line' id='line_1_36' title="bbox 128 4289 1302 4385; baseline -0.001 -23"><span class='ocrx_word' id='word_1_287' title='bbox 128 4303 236 4379; x_wconf 85' lang='grc' dir='ltr'><strong><em>μένων</em></strong></span> <span class='ocrx_word' id='word_1_288' title='bbox 259 4295 339 4380; x_wconf 89' lang='grc' dir='ltr'><strong><em>πρδς</em></strong></span> <span class='ocrx_word' id='word_1_289' title='bbox 362 4299 495 4363; x_wconf 84' lang='grc' dir='ltr'><strong><em>Γέλωνα</em></strong></span> <span class='ocrx_word' id='word_1_290' title='bbox 519 4301 599 4383; x_wconf 80' lang='grc' dir='ltr'><strong><em>περὶ</em></strong></span> <span class='ocrx_word' id='word_1_291' title='bbox 623 4302 817 4385; x_wconf 83' lang='grc' dir='ltr'><strong><em>συμμαχίας,</em></strong></span> <span class='ocrx_word' id='word_1_292' title='bbox 842 4291 896 4363; x_wconf 85' lang='grc' dir='ltr'><strong><em>ὅτε</em></strong></span> <span class='ocrx_word' id='word_1_293' title='bbox 912 4297 1031 4384; x_wconf 81' lang='grc' dir='ltr'><strong><em>Ξέρξης</em></strong></span> <span class='ocrx_word' id='word_1_294' title='bbox 1054 4289 1197 4380; x_wconf 84' lang='grc' dir='ltr'><strong><em>διέβαινε</em></strong></span> <span class='ocrx_word' id='word_1_295' title='bbox 1219 4293 1302 4380; x_wconf 81' lang='grc' dir='ltr'><strong><em>πρὸς</em></strong></span> 
     </span>
     <span class='ocr_line' id='line_1_37' title="bbox 126 4399 1303 4498; baseline 0.003 -30"><span class='ocrx_word' id='word_1_296' title='bbox 126 4401 186 4489; x_wconf 78' lang='grc' dir='ltr'><strong><em>τὴν</em></strong></span> <span class='ocrx_word' id='word_1_297' title='bbox 211 4399 383 4491; x_wconf 77' lang='grc' dir='ltr'><strong><em>Εάροίπην,</em></strong></span> <span class='ocrx_word' id='word_1_298' title='bbox 399 4462 404 4474; x_wconf 93' lang='grc'><strong><em>,</em></strong></span> <span class='ocrx_word' id='word_1_299' title='bbox 421 4460 446 4472; x_wconf 91' lang='grc'><strong><em>,,</em></strong></span> <span class='ocrx_word' id='word_1_300' title='bbox 473 4401 491 4493; x_wconf 79' lang='grc' dir='ltr'><strong><em>η</em></strong></span> <span class='ocrx_word' id='word_1_301' title='bbox 516 4401 601 4491; x_wconf 79' lang='grc' dir='ltr'><strong><em>ὑπὲρ</em></strong></span> <span class='ocrx_word' id='word_1_302' title='bbox 624 4411 679 4498; x_wconf 78' lang='grc' dir='ltr'><strong><em>της</em></strong></span> <span class='ocrx_word' id='word_1_303' title='bbox 704 4401 878 4492; x_wconf 79' lang='grc' dir='ltr'><strong><em>ἡγεμονίας</em></strong></span> <span class='ocrx_word' id='word_1_304' title='bbox 901 4407 1072 4496; x_wconf 76' lang='grc' dir='ltr'><strong><em>φιλοδοξία</em></strong></span> <span class='ocrx_word' id='word_1_305' title='bbox 1095 4402 1155 4492; x_wconf 77' lang='grc' dir='ltr'><strong><em>τὴν</em></strong></span> <span class='ocrx_word' id='word_1_306' title='bbox 1179 4423 1303 4491; x_wconf 89' lang='grc' dir='ltr'><strong><em>συμμα·</em></strong></span> 
     </span>
    </p>
   </div>
   <div class='ocr_carea' id='block_1_3' title="bbox 0 0 1636 5050">
    <p class='ocr_par' dir='ltr' id='par_1_7' title="bbox 0 0 1636 5050">
     <span class='ocr_line' id='line_1_38' title="bbox 0 0 1636 5050; baseline 0 2"><span class='ocrx_word' id='word_1_307' title='bbox 0 0 1636 5050; x_wconf 95' lang='lat' dir='ltr'><strong><em> </em></strong></span> 
     </span>
    </p>
   </div>
  </div>
 </body>
</html>
