3264 5050
623 439 843 501 ...ῃ-κ

147 629 277 703 nativus
301 635 350 700 IV
367 639 469 717 58,5:
493 625 534 704 ὥς
556 625 604 696 δό
620 626 898 716 πεντηκονταετὴς
922 625 1038 714 χρόνος
1058 622 1184 713 διῆλθε,
1209 617 1323 712 κατῆλ·

147 745 212 806 θον
236 737 282 812 εἰς
306 736 573 824 Πελοπόννησον,
599 737 666 805 XII
682 745 734 824 77,
751 743 784 804 l:
820 738 991 821 κατῆλθον
1022 732 1068 808 είς
1095 730 1155 820 τὴν
1177 735 1324 818 πατρίδα

147 847 179 912 οἱ
203 845 329 935 Δήλιοι,
354 848 439 914 XIII
453 854 505 933 92,
520 853 537 910 7
549 867 556 912 :
581 830 673 910 οὗτοι
702 839 802 917 εδθδς
826 841 871 917 είς
893 840 954 930 τὴν
976 844 1121 929 πατρίδα
1145 843 1323 924 κατῆλθον,

149 957 212 1023 XV
226 963 278 1038 25,
296 961 328 1021 l:
353 953 519 1040 κατῆλθον
542 949 588 1025 εἰς
609 948 672 1031 τῆν
694 953 837 1037 πατρίδα
860 947 989 1033 νυκτός,
1013 952 1095 1018 XVI
1111 956 1207 1033 10‚5:
1232 975 1262 1018 κ.
1279 946 1326 1021 εἷς

148 1059 209 1129 τίν
232 1058 346 1146 πόλιν,
370 1062 457 1128 XIX
469 1067 500 1145 4,
515 1067 549 1126 3;
574 1061 744 1144 κατῆλθεν
767 1055 813 1130 εἰς
835 1052 896 1145 τὴν
918 1059 1072 1143 πατρίδα.
1097 1057 1191 1124 Infin.
1216 1061 1326 1124 exstat

150 1170 218 1238 XII
233 1176 334 1251 722:
360 1168 556 1252 ἐπεχείρουν
579 1167 756 1232 κατελθεῖν
784 1164 829 1238 είς
859 1170 1003 1250 Λέσβον,
1037 1167 1118 1233 XIV
1131 1171 1212 1246 9,8:
1246 1170 1325 1230 Διο-

149 1273 255 1348 νόσιος
288 1283 357 1348 τοῖς
391 1275 456 1357 μὲν
490 1274 689 1339 κατελθοῦσι
723 1270 845 1358 φυγάσι
883 1269 1126 1359 φιλανθρώπως
1169 1268 1326 1355 ἐχρῆσατο

150 1380 348 1466 βουλόμενος
378 1384 434 1448 καὶ
467 1378 542 1455 τούς
573 1379 689 1454 ἄλλους
718 1385 977 1467 προτρέψασθαι
1001 1381 1176 1445 κατελθεῖν
1199 1377 1244 1451 εἰς
1266 1373 1327 1464 τὴν

150 1492 306 1577 πατρίδα,
329 1489 415 1557 XIX
429 1496 493 1570 4‚3
518 1486 660 1574 ἐπείσθη
682 1490 859 1554 κατελθεῖν
881 1486 927 1561 εἰς
949 1483 1009 1573 τὴν
1032 1489 1187 1573 πατρίδα.
1220 1487 1327 1554 Parti-

151 1600 237 1680 cipia
272 1601 431 1673 leguntur
459 1598 504 1664 IV
519 1603 571 1678 22,
588 1603 623 1662 1:
648 1589 810 1681 Ἡρακλῆς
844 1592 880 1660 ἐκ
917 1598 977 1660 τοῦ
1002 1596 1186 1680 Φλεγραίου
1209 1595 1328 1672 πεδίου

153 1700 327 1770 κατελθών
349 1701 406 1769 ἐπὶ
427 1700 488 1784 τῆν
512 1700 684 1769 θάλατταν
706 1699 944 1768 κατεσκεύασεν
967 1700 1054 1790 ἔργα,
1078 1704 1160 1771 XIV
1174 1707 1204 1788 9,
1218 1708 1248 1770 8.

257 1815 359 1897 περί
364 1834 372 1876 :
390 1811 486 1898 Impf.
504 1812 626 1896 legitur
642 1812 693 1878 XI
704 1818 757 1895 55,
772 1819 808 1878 3:
832 1807 965 1899 περιῄει
981 1805 1129 1893 ἀξιοῦσα,
1141 1808 1328 1896 XV165‚3:

151 1917 226 1992 τούς
276 1916 520 2007 πονηροτάτους
570 1915 652 2000 ἔχειν
705 1911 786 2000 μεθ’
825 1918 944 1984 ἑαυτοῦ
993 1915 1125 2006 περιῄει
1155 1911 1238 1982 κατά
1269 1910 1329 2001 τὴν

149 2023 284 2113 α’γοράν.
321 2029 389 2096 Iud.
425 2047 492 2095 εον.
532 2035 584 2094 est
608 2028 637 2093 V
659 2032 690 2110 4,
705 2034 738 2094 2:
764 2020 883 2091 καθ’δν
922 2020 1042 2111 καιρόν
1063 2021 1122 2098 τὰς
1159 2018 1330 2112 Γηρυόνου

152 2139 229 2218 βοῦς
253 2131 397 2198 ἐλαύνων
420 2134 584 2218 περιῆλθε
609 2136 721 2198 πᾶσαν
745 2129 804 2216 τῆν
827 2134 991 2201 Σικελίαν.
1015 2135 1081 2201 Ter
1104 2133 1215 2201 notavi
1243 2139 1330 2215 part.

154 2263 221 2310 aor.
251 2237 442 2327 περιελθών
464 2243 512 2309 IV
527 2248 579 2326 25,
592 2248 628 2308 l:
661 2237 758 2314 αὐτὸς
786 2235 970 2327 (Ἡρακλῆς)
1001 2236 1032 2304 δ’
1032 2238 1251 2322 ἐγκυκλωθεὶς
1272 2235 1331 2304 τόν

156 2344 279 2431 Ἀδρίαν
325 2349 382 2412 καὶ
435 2351 522 2436 πεζῇ
574 2343 764 2434 περιελθὼν
814 2342 873 2413 τόν
916 2352 1161 2435 προειρημένον
1204 2343 1332 2413 κόλπον

157 2451 357 2542 κατήντησεν
390 2451 437 2527 είς
471 2450 532 2542 τὴν
563 2451 738 2540 Ἤπειρον,
763 2457 814 2524 XI
828 2462 891 2540 9,3
917 2451 1153 2541 περιελθόντες
1174 2451 1232 2526 τὰς
1255 2455 1330 2519 δοσ-

154 2564 271 2646 χωρίας
295 2555 460 2646 όπέλαβον
478 2612 485 2627 .
500 2616 507 2630 .
520 2613 539 2644 .,
563 2563 645 2628 XIV
657 2569 708 2645 72,
729 2569 762 2628 l:
787 2556 883 2634 αὐτὸς
913 2558 1111 2648 (Διονύσιος)
1141 2553 1331 2637 δάσελῆνου

153 2673 209 2753 τῆς
234 2664 348 2741 νοκτδς
377 2665 470 2755 οὔσης
493 2666 670 2754 περιήγαγε
702 2665 761 2756 τῆν
792 2665 934 2750 δύναμιν
964 2669 1020 2733 καὶ
1050 2663 1241 2754 περιελθὼν
1275 2666 1333 2733 ἐπὶ

154 2773 192 2841 τό
216 2781 272 2860 τῆς
289 2772 416 2862 Κυάνης
438 2770 532 2858 ἱερόν
556 2774 659 2841 ἔλαθε
681 2771 757 2848 τοὺς
779 2777 959 2857 πολεμίους
982 2768 1040 2859 ἅμ’
1059 2769 1166 2864 ῆμέρρ
1188 2770 1334 2861 προσιόν

155 2885 195 2971 τῆ
219 2884 421 2972 παρεμβολῇ.
462 2885 613 2952 Ceterum
637 2902 743 2965 neque
766 2886 882 2952 horum
907 2886 1082 2952 verborum
1099 2885 1133 2951 in
1150 2903 1212 2952 usu
1228 2902 1334 2965 neque

158 3010 279 3075 eorum,
305 3010 389 3074 quae
414 3001 607 3073 sequuntur,
632 2992 799 3075 singulare
823 2993 1000 3073 quidquam
1025 2993 1203 3060 invenitur.
1249 2991 1332 3057 Nam

159 3116 352 3181 quamquam
387 3099 549 3165 interdum
582 3099 647 3166 ind.
678 3097 769 3179 impf.
803 3107 948 3167 autnon
977 3107 1037 3166 aut
1058 3118 1135 3168 raro
1158 3101 1332 3182 reperitur,

157 3211 279 3289 tamen,
304 3212 341 3274 ut
363 3224 417 3272 res
440 3212 529 3286 sunt,
553 3204 641 3272 forte
664 3206 697 3271 id
722 3212 818 3286 putes
842 3208 988 3276 evenire.

261 3326 362 3414 πρός
380 3403 385 3411 ,
404 3331 577 3414 compositi
616 3335 772 3415 προιέναι
809 3331 862 3400 bis
900 3331 967 3416 legi
1006 3332 1072 3398 ind.
1112 3329 1203 3412 impi.
1238 3332 1333 3413 apud.

158 3437 354 3504 Diodorum:
378 3438 464 3504 XIII
479 3443 529 3521 18,
542 3446 578 3505 6:
602 3435 634 3501 οἱ
648 3442 713 3502 τῶν
728 3433 908 3523 Ἀθηναίων
923 3439 1095 3523 στρατηγοί
1110 3434 1332 3519 διελόμενοι..

162 3543 220 3606 καί
241 3539 437 3627 λαβόντες..
461 3541 615 3620 τάξαντες
647 3549 798 3633 προῇσαν
829 3541 888 3610 ἐπὶ
910 3542 1069 3632 Κατάνης,
1093 3545 1192 3612 XVII
1207 3550 1280 3628 101,
1297 3552 1333 3611 2:

158 3644 301 3735 ἐφ’ἑπτά
325 3650 387 3732 μὲν
410 3645 531 3737 ἡμέρας
553 3649 673 3741 προηέι
695 3658 736 3740 τῇ
759 3649 915 3735 δυνάμει,
952 3658 1136 3737 sequuntur
1158 3653 1214 3715 καὶ
1236 3648 1335 3738 ἤγαγε

158 3809 164 3823 .
190 3811 196 3824 .
220 3749 335 3843 η’ξίοσε
359 3758 402 3824 δὲ.
433 3757 533 3842 ,Quae
560 3761 710 3843 exempla
734 3760 789 3828 vix
813 3779 833 3826 ο
855 3761 974 3845 regula
996 3760 1142 3844 generali
1167 3759 1332 3827 differunt.

158 3866 239 3932 Nam
272 3873 410 3947 utroque
439 3868 511 3932 loco
543 3886 598 3934 res
625 3885 709 3949 quae
732 3875 911 3952 permanet,
936 3867 1011 3934 dum
1036 3870 1144 3934 altera
1166 3867 1333 3953 incipitur,

158 3973 229 4039 iure
260 3972 455 4055 imperfecto
489 3975 694 4058 exprimitur.
752 3977 906 4043 Aoristus
935 3976 1060 4060 legitur
1097 3975 1196 4042 XVII
1226 3980 1279 4059 49,
1298 3983 1334 4041 ετ
1413 4054 1416 4061 ¹

159 4072 389 4165 (Ἀλέξανδρος)
420 4076 619 4165 καταπάσας
648 4080 684 4146 δὲ
713 4075 755 4145 τοὶ
782 4078 864 4146 κατά
888 4077 949 4166 τὴν
971 4080 1141 4163 Αἴγυπτον
1163 4082 1335 4168 προῆλθεν

159 4182 204 4258 είς
242 4183 407 4269 Ἄμμωνος
447 4184 647 4272 βουλόμενος
692 4184 875 4273 χρησασθαι
911 4191 957 4277 τῷ
995 4193 1107 4276 θεῷ,·
1124 4190 1166 4256 ib.
1212 4197 1265 4272 26,
1295 4195 1332 4254 6:

160 4285 368 4380 Ἀντίπατρος
396 4295 548 4380 προῆλθε
579 4290 634 4361 διά
660 4297 872 4370 Μακεδονίας
902 4295 947 4369 εἰς
973 4293 1110 4383 Θρᾴκην
1140 4296 1196 4361 καὶ
1219 4297 1334 4360 διεπο-

159 4400 262 4490 λέμει,
287 4402 326 4470 ολ
349 4404 392 4488 X,
417 4403 458 4472 fr.
481 4409 564 4490 4,1;
589 4395 630 4467 οό
653 4407 869 4488 προσέχοντος
891 4399 993 4470 αὐτοῦ
1015 4404 1185 4491 προῆλθεν
1208 4401 1253 4476 εἰς
1275 4398 1335 4488 τῆν
