3306 5050
664 441 885 502 ..55-

191 641 245 721 τής
269 629 389 721 ἡμέρας
420 629 665 718 ἐπιφωσκούσης
688 625 904 716 α’φώρμησαν,
928 633 1010 699 XIV
1022 640 1076 712 53,
1090 640 1119 699 7.
1144 635 1225 699 XVI
1239 640 1290 714 68,
1307 639 1361 716 113

193 751 281 825 pert,
306 744 370 810 XV
383 748 436 824 84,
459 749 485 806 t:
521 733 713 824 ἀφορμήσας
746 737 883 803 ἔσπευσε
907 747 1114 826 περιπεσεῖν,
1143 741 1225 806 XVI
1240 748 1291 822 68,
1310 747 1363 804 tc:

194 843 380 933 ἀρχομένης
403 852 458 920 τῆς
481 843 596 919 νυκτὸς
618 843 647 911 ἀ.
671 848 725 911 καί
748 843 909 918 διανύσας.

299 957 393 1037 Impf.
405 956 497 1022 verbi
511 952 799 1038 ἐξορμᾱνσσαιο
811 964 862 1020 est
875 955 1058 1034 exemplum
1070 955 1266 1035 imperfecti,
1280 955 1363 1037 qued

192 1064 321 1146 quidem
335 1066 529 1136 notaverim,
542 1082 602 1127 nec
615 1072 725 1129 tamen
740 1062 966 1144 corrigendum
983 1071 1041 1127 est.
1054 1062 1267 1144 Aptissimum
1277 1063 1362 1127 enim

191 1182 243 1239 est
266 1172 324 1237 ille
349 1172 428 1253 leco,
468 1189 531 1250 quo
567 1171 751 1235 invenitur:
776 1171 943 1248 IV73,4:
968 1162 985 1230 ό
1008 1168 1069 1248 μὲν
1089 1165 1252 1250 Οἰνόμαος
1283 1165 1365 1232 ἔθυε

190 1273 284 1360 κριόν
307 1280 353 1362 τῷ
376 1280 444 1358 Διί,
469 1270 486 1338 ό
510 1275 544 1339 δέ
560 1272 822 1359 μνηστευόμενος
847 1271 978 1358 ἐξώρμα
1000 1279 1192 1357 τέθριππον
1220 1272 1367 1339 ἐλαύνων

189 1377 280 1469 ἅρμα
321 1387 462 1467 (solebat
497 1385 594 1462 vehi).
640 1384 712 1448 Imi.
749 1402 814 1448 eor.
850 1383 973 1464 legitur
1008 1383 1209 1464 xssrere:
1243 1383 1366 1446 πολλοὶ

190 1489 388 1576 ἐξώρμησαν,
416 1498 466 1573 93,
483 1499 513 1556 5:
538 1487 815 1570 ἐπαγγειλάμενος
840 1481 927 1574 ήξειν
952 1486 976 1556 ἐ.
1002 1486 1037 1553 ἐκ
1067 1493 1122 1573 τής
1145 1491 1259 1570 Γέλας,
1282 1491 1366 1556 XIV

191 1607 221 1685 9,
237 1609 269 1664 2:
295 1597 318 1663 ἐ.
354 1596 412 1662 ἐπὶ
446 1593 664 1681 Συρακούσας,
686 1599 818 1682 ΧΧ41,
837 1605 870 1662 l:
895 1590 912 1659 ό
936 1577 1037 1660 δὀὖν
1064 1592 1225 1682 Ὀφέλλας,
1251 1592 1366 1681 ἐπειδή

189 1704 302 1770 πάντα
328 1702 571 1781 κατεσκεύαστο,
595 1701 619 1771 ἐ.
643 1701 727 1786 μετὰ
750 1708 806 1789 τής
828 1702 1003 1785 δυνάμεως,
1033 1719 1115 1788 pert.
1139 1706 1225 1771 XIII
1243 1711 1315 1789 109,
1330 1715 1365 1770 2:

191 1805 369 1900 ἐξορμήσας
392 1810 449 1877 ἐπὶ
472 1809 532 1894 τήν
555 1807 720 1894 βοήθειαν
746 1813 1093 1899 κατεστρατοπέδευσε.

299 1922 397 1987 Verbi
422 1932 522 1987 trans.
546 1924 772 2004 παρορμᾶν
796 1921 982 2004 ,impellere‘
1007 1921 1176 1987 invenitur
1206 1921 1272 1987 ind.
1298 1941 1364 1987 σου.

189 2028 257 2094 XII
271 2036 322 2109 79,
338 2036 372 2092 2:
397 2022 447 2090 διὰ
473 2029 529 2090 καὶ
551 2023 626 2098 τοὺς
643 2023 745 2098 ἰδίους
767 2022 964 2110 στρατιώτας
986 2023 1187 2111 παρώρμησε
1204 2024 1288 2110 πρὸς
1303 2022 1362 2090 τὸν

189 2130 309 2215 α’γώνα,
322 2137 403 2202 XVI
418 2143 469 2216 78,
483 2143 516 2200 2:
541 2132 714 2219 ἐκκλησίαν
725 2129 911 2214 συναγαγών
948 2158 984 2200 π.
1008 2129 1048 2197 τὰ
1072 2130 1186 2219 πλήθη
1210 2130 1293 2218 πρός
1308 2130 1366 2197 τόν

189 2237 307 2327 ripere,
323 2252 405 2324 part.
431 2241 498 2309 XII
512 2248 565 2325 40,
580 2249 613 2307 ὃς
637 2266 672 2306 π.
696 2236 772 2312 τούς
800 2242 936 2313 πολίτας
959 2238 1004 2313 εἰς
1019 2236 1076 2305 τὸν
1092 2234 1256 2324 πόλεμυν;
1273 2243 1365 2308 verbi

189 2369 317 2434 προσο
329 2372 380 2433 ρμ
393 2354 440 2413 ᾶν
466 2361 546 2431 part.
561 2369 627 2417 aor.
644 2351 707 2416 XV
728 2357 779 2434 79,
794 2355 830 2415 4:
854 2350 988 2413 πολλῶν
1001 2401 1006 2412 .
1022 2401 1027 2413 .
1051 2344 1297 2412 κοινωνούντων
1312 2353 1367 2433 τῆς

190 2461 380 2539 προθέσεως
403 2458 456 2520 καὶ
490 2453 792 2541 προσορμησυίντωυ
823 2449 1016 2540 α’πήντησαν
1040 2450 1123 2540 πρὸς
1146 2450 1203 2519 τόν
1238 2452 1365 2540 καιρόν,

111 2569 113 2574 ’
191 2566 245 2630 ubi
272 2573 355 2647 pert.
379 2584 486 2646 prees.
512 2577 547 2629 ut
571 2583 709 2647 semper,
730 2565 757 2630 si
775 2584 830 2630 res
850 2565 1059 2644 praeteritae
1082 2571 1270 2644 narrantur,
1295 2567 1364 2629 loco

188 2673 280 2754 impf.
305 2679 368 2738 est:
392 2667 589 2735 ἐκοινώνουν
613 2695 638 2736 τ.
663 2695 700 2737 π.
726 2673 916 2753 ,participes
940 2679 1035 2737 erant
1058 2672 1206 2737 consilii‘.

296 2798 395 2862 Verbi
431 2797 586 2877 simplicis
621 2793 890 2879 πορεύεσθαι
926 2816 1023 2862 enum
1061 2798 1159 2863 attuli
1184 2797 1366 2877 imperfecti

190 2905 382 2984 exemplum.
419 2924 490 2969 cum
526 2906 702 2985 composi-ta
737 2923 834 2983 saepe
859 2903 967 2971 ferme
997 2903 1181 2984 imperfecti
1206 2904 1360 2970 dicentur

189 3014 235 3076 At
258 3018 341 3093 pert.
367 3029 469 3090 praes.
495 3026 537 3077 et.
562 3011 619 3076 inf.
645 3030 709 3077 non
732 3029 807 3077 rere
821 3013 1045 3087 inveniuntur,
1063 3030 1122 3078 nec
1143 3021 1249 3077 tamen
1268 3012 1363 3077 huius

189 3118 282 3183 verbi
319 3137 396 3182 usus
432 3139 451 3183 a
487 3121 710 3185 communibus
746 3120 904 3185 sermonis
931 3121 1062 3202 legibus
1085 3119 1221 3185 recedit.
1269 3117 1365 3199 Impi,
1457 3119 1460 3126 ’

188 3225 357 3291 ἰηνέηἰλατ
381 3223 461 3288 XIII
479 3232 549 3308 110,
564 3231 600 3290 4:
626 3223 656 3286 οἱ
680 3222 883 3308 μισθοφόροι
907 3220 1000 3306 μόγις
1023 3221 1232 3307 ἐπορεύοντο.
1273 3228 1363 3291 Part.

188 3335 345 3412 leguntur
369 3334 531 3415 1V3e‚·e:
556 3329 633 3396 ἐπεὶ
656 3333 690 3396 δέ
715 3329 939 3415 πορευόμενος
961 3314 1045 3412 Iter
1070 3329 1152 3416 πρὸς
1167 3325 1363 3416 τόνΕύηνόν

189 3436 353 3519 ποταμόν,
378 3441 537 3520 κατέλαβε
555 3444 692 3519 Νέσσσν,
720 3448 771 3525 37,
785 3447 820 3506 4:
846 3437 881 3502 ἐκ
905 3443 961 3525 τής
984 3436 1120 3503 Ἰτώνου
1138 3435 1365 3522 πορευόμενος

188 3547 244 3609 καὶ
269 3541 322 3609 διαὶ
347 3550 403 3630 τής
427 3543 683 3627 Πελασγιώτιδος
716 3551 771 3630 γής
799 3550 940 3629 βαδίζων
975 3541 1141 3633 Ὃρμενίήι
1161 3549 1364 3629 ..συνέμιξεα

191 3653 246 3720 ΧΙ
264 3662 292 3737 3,
308 3663 342 3720 6:
366 3650 588 3738 πορευόμενος
613 3651 666 3718 διὰ
689 3659 745 3734 τής
759 3651 890 3739 Θρᾴκης
912 3650 1053 3726 πολλούς
1075 3649 1364 3738 προσελαμβώνετο

192 3769 223 3843 5,
242 3769 272 3826 l:
308 3768 523 3848 πορευομένῳ
558 3763 800 3846 συμπαρέπλει,
845 3770 947 3848 lc,1;
971 3766 1161 3843 reprimeres
1184 3755 1258 3833 τούς
1281 3756 1364 3841 μετὰ

189 3871 249 3931 τοῦ
276 3872 454 3951 Τραχινίου
479 3875 724 3952 πορευομένους
753 3863 962 3933 α’πολωλέναι
986 3865 1248 3954 κατεπλάγησαν,
1282 3867 1364 3931 ΧΠΙ

194 3982 316 4058 110‚4:
344 3973 375 4037 οἱ
402 3975 595 4040 Σικελιῶται
635 3971 689 4040 διὰ
724 3981 782 4041 τοῦ
810 3977 929 4040 πεδίου
953 3972 1179 4062 πορευόμενοι
1206 3979 1363 4039 καθυστέ-

189 4103 279 4165 ρσυν,
304 4084 384 4149 XIV
398 4091 451 4169 88,
467 4092 501 4149 3:
535 4076 595 4164 ἅμ’
629 4077 735 4167 ύμέρφ
759 4106 858 4167 πορ..
885 4081 1103 4170 ἐπέστρεψεν,
1137 4105 1166 4152 v.
1193 4091 1363 4164 praeterea

189 4197 243 4270 29,
257 4197 286 4254 ε.
327 4198 379 4276 ευ,
395 4199 422 4256 3.
460 4199 554 4270 31,4.
595 4191 767 4272 xvtm.
803 4193 1030 4268 xv11111‚3.
1067 4191 1261 4273 xlxeec.
1297 4191 1363 4256 XX

190 4305 289 4380 9l,2.
339 4297 465 4380 Quibus
515 4300 555 4365 de
598 4299 679 4364 locis
728 4299 824 4380 plura
870 4300 1034 4365 disserere
1084 4301 1142 4366 vix
1181 4317 1261 4379 opus
1300 4309 1364 4377 est,

187 4407 270 4488 quie
296 4408 417 4488 ubique
447 4407 543 4472 facile
567 4406 776 4489 perspicitur,
802 4426 860 4472 cur
887 4415 972 4490 pert.
997 4406 1152 4490 temperis
1175 4403 1364 4494 imperfecti
