3306 5050
761 470 979 526 ..96-

284 641 451 708 ἒκώλνσαν
486 637 604 712 αὐτοῦς
638 637 866 726 Καρχηδόνιοι,
910 644 954 708 ib.
980 649 1064 725 81,7
1078 669 1084 707 :
1110 638 1373 723 ἐπιβαλλόμενος
1400 639 1461 714 τὰς

282 748 433 831 σύνεγγυς
468 746 582 835 νήσους
624 746 707 819 ἰδίας
752 745 1005 825 κατασκευάζειν
1051 745 1239 834 ἐξέπεμψεν
1287 743 1459 816 α’ποικίαν.

284 864 467 927 Praetereo
514 867 601 937 part.
636 877 745 936 praes.
780 859 908 938 legitur
943 859 1045 922 XVII
1072 865 1124 941 69,
1153 866 1180 923 l.
1216 858 1335 924 XVIII
1350 866 1402 941 50,
1421 867 1448 924 l.
1532 849 1543 863 “

285 974 337 1052 64,
350 975 380 1050 2,
405 967 463 1032 inf.
489 968 533 1031 ib.
562 972 612 1047 10,
626 971 656 1028 4.
682 965 796 1030 XXIV
810 965 832 1029 f.
848 971 878 1046 3,
894 971 922 1030 1.
960 967 1085 1032 Contra
1116 968 1289 1034 innumero
1323 975 1460 1032 exstant

284 1077 436 1154 exempla
459 1083 545 1152 port.
579 1082 613 1139 et
647 1074 704 1138 inf.
736 1094 805 1138 aor.
853 1075 938 1138 Sane
964 1074 1145 1139 cavendum
1169 1084 1221 1141 est
1245 1094 1286 1139 ne
1312 1077 1346 1139 in
1370 1077 1458 1140 eius·

285 1185 373 1248 modi
397 1184 527 1261 regulis
554 1182 799 1246 constituendis
824 1183 947 1246 iustum
971 1182 1101 1246 modurn
1125 1190 1344 1248 transeamus.

390 1291 461 1372 Qua
486 1289 525 1353 de
551 1309 651 1353 causa
668 1289 706 1352 de
724 1308 754 1354 v.
772 1291 945 1371 προσέχειν
962 1289 1078 1353 formis
1097 1298 1193 1354 caute
1211 1291 1373 1370 agendum
1395 1301 1458 1358 est.

286 1399 380 1480 Quod
424 1400 503 1462 item
541 1398 725 1460 sescenties
761 1396 889 1476 legitur
913 1415 1108 1475 semperque
1134 1399 1168 1461 in
1192 1400 1362 1476 prioribus
1386 1400 1458 1464 XII

286 1507 384 1569 libris
409 1505 471 1569 fide
497 1505 696 1582 optimorum
722 1503 871 1568 codicum
897 1504 987 1582 impf.
1013 1505 1084 1569 sive
1109 1523 1218 1582 praes.
1234 1506 1457 1572 confirmatur.

286 1614 357 1680 lud.
395 1631 464 1676 aor.
502 1613 535 1675 in
571 1613 778 1692 recensione,
815 1631 911 1689 quam
944 1612 1091 1676 DIndorf
1123 1615 1259 1677 exhibet
1295 1616 1457 1692 scriptum

285 1721 383 1786 video
408 1719 471 1783 XV
486 1725 538 1800 92,
554 1724 583 1782 3.
609 1718 707 1782 XVII
722 1724 751 1799 3,
765 1724 796 1783 4.
823 1725 875 1800 59,
891 1725 920 1783 7.
945 1719 1030 1782 XIX
1045 1725 1098 1801 30,
1118 1728 1153 1797 7;
1177 1730 1263 1798 part.
1290 1721 1370 1785 XIV
1382 1729 1412 1803 8,
1428 1729 1458 1786 6.

284 1827 420 1892 XXXII
432 1827 454 1891 f.
472 1833 522 1907 15,
538 1832 566 1890 3.
615 1827 682 1890 Res
707 1828 814 1906 igitur
837 1829 978 1890 maxime
1003 1827 1103 1891 dubia
1127 1836 1179 1893 est
1209 1847 1334 1910 neque,
1367 1838 1459 1894 ante-

286 1955 392 2016 quum,
419 1934 498 2014 quid
523 1935 556 1997 in
582 1934 753 1998 codicibus
778 1935 833 2014 sit,
859 1941 951 1998 certo
977 1935 1146 2013 cognitum
1170 1939 1239 2017 est,
1273 1936 1459 2001 diiudicare

285 2043 433 2107 audeam.
481 2044 526 2106 At
562 2032 713 2117 ἀντέχειν
747 2043 823 2122 τινί,
849 2031 1049 2117 ἀντέχεσθαι
1071 2061 1158 2111 τινος
1183 2044 1329 2124 ‚studere
1355 2046 1459 2109 alicui

284 2148 346 2214 rei‘
372 2156 405 2213 et
438 2141 580 2209 ἕπεσθαι
611 2149 717 2212 solum
751 2149 902 2226 exemplo
935 2148 1025 2226 impr.
1059 2144 1131 2230 (inf.
1164 2158 1199 2214 et
1223 2159 1309 2228 part.
1334 2149 1458 2235 praes.)

286 2251 424 2322 contuli.

389 2364 453 2428 Sed
478 2364 517 2427 de
542 2365 604 2427 lrac
628 2382 665 2427 re
690 2365 861 2428 hactonus.
899 2364 1076 2442 Copiosins
1105 2365 1192 2428 enim
1222 2365 1261 2428 de
1287 2365 1330 2427 iis
1343 2366 1460 2430 verbis

285 2475 319 2537 in
344 2481 439 2549 parte
465 2470 609 2534 secunda
634 2471 862 2535 disserendum
886 2472 962 2535 erit.
