3306 5050
680 456 729 485 ·-
777 445 908 506 81-

204 641 255 717 35,
273 643 300 702 1.
327 643 379 719 οε,
394 644 424 702 6.
450 641 551 718 ναι.
578 642 630 719 55,
646 643 674 701 1.
701 643 754 720 ου,
768 643 797 701 3.
825 643 921 718 ναι.
948 643 1000 718 ου,
1018 643 1046 700 1.
1072 642 1125 718 84,
1146 643 1173 700 1.
1203 635 1269 700 XX
1286 641 1335 715 15,
1351 643 1381 699 ε.

203 750 256 823 29,
271 752 301 809 2.
327 751 380 826 37,
395 751 424 808 3..
450 750 547 826 42,1.
574 749 626 825 58,
641 751 670 808 2.
698 750 749 825 58,
764 751 798 809 6:
826 767 861 808 π.
876 739 1136 825 συντονώτερον,
1162 751 1214 825 69,
1232 750 1259 807 1.
1285 749 1336 824 78,
1351 751 1381 808 2.

205 859 256 934 73,
271 858 300 916 3.
341 858 414 934 168,
429 857 457 916 3.
494 850 612 916 XXIX
628 851 650 916 f.
669 857 725 916 24:
764 844 964 936 ὁΣέλευκος
988 874 1024 915 π.
1050 843 1090 920 οἷς
1114 842 1384 934 ὑπερβησόμενος

202 952 262 1020 τὸν
290 959 433 1040 Ταῦρον,
465 957 601 1023 XXXII
614 958 637 1023 f.
657 965 686 1040 6,
704 964 739 1022 4:
768 953 898 1028 τούτοις
930 956 994 1036 μὲν
1025 952 1120 1020 οὐδὲν
1149 953 1296 1038 ἐλάλουν,
1326 949 1384 1026 τοὶς

203 1063 238 1127 δὲ
262 1057 406 1145 κεφαλὰς
444 1059 626 1135 τύπτοντες
661 1087 698 1129 π.
737 1060 782 1135 εἰς
815 1061 876 1146 τὴν
911 1056 1035 1148 οἷγοράν
1071 1065 1127 1126 καὶ
1156 1066 1197 1151 τῇ
1232 1065 1383 1147 γερουσία

202 1165 410 1257 άπήγγειλαν
444 1164 486 1234 τὰ
521 1176 799 1254 προστεταγμένα,
832 1179 883 1255 15,
898 1179 927 1236 5.
951 1167 1101 1237 XXXVI
1114 1173 1136 1237 f.
1150 1178 1234 1254 4,2;
1267 1193 1302 1236 π.
1329 1171 1384 1233 καὶ

204 1279 369 1362 παρῆλθε,
395 1285 456 1361 4,6
473 1305 479 1344 :
505 1274 684 1362 διήρπασεν
697 1313 712 1326 -
726 1301 774 1362 π.,
799 1279 966 1345 XXXVII
978 1279 1019 1343 fr.
1037 1285 1086 1361 13,
1103 1285 1130 1344 1.

307 1388 431 1452 Rarius
447 1395 533 1465 part.
546 1396 580 1451 et
593 1386 651 1451 inf.
666 1406 774 1466 praes,
791 1389 960 1466 leguntur.
974 1389 1066 1452 Part.
1086 1405 1194 1465 praes.
1214 1387 1380 1452 interdum

204 1496 385 1576 invenitur,
421 1496 479 1559 ubi
516 1496 604 1559 omni
640 1494 735 1558 modo
772 1503 965 1588 partaor.
991 1496 1253 1576 exspectaveris,
1290 1496 1384 1560 velut

204 1599 270 1665 XV
284 1607 336 1682 52,
353 1609 388 1666 l:
425 1584 517 1663 οὗτοι
550 1596 755 1683 προάγοντες
790 1593 831 1671 ὥς
862 1591 941 1685 ἧκον
975 1597 1021 1671 εἰς
1053 1596 1251 1683 Κορώνειαν,
1286 1621 1383 1663 κατε-

203 1710 496 1790 στρατοπέδευσαν.
545 1709 609 1774 Sed
645 1710 700 1774 hit
737 1711 886 1788 scriptor
921 1710 1003 1774 adeo
1040 1729 1102 1774 usu
1136 1711 1300 1774 sermonis
1327 1712 1382 1774 ob-

205 1819 345 1882 strictus
379 1827 441 1897 est,
476 1826 512 1882 ut
548 1819 588 1881 ab
625 1837 693 1882 σου.
726 1819 880 1895 protinus
904 1819 1096 1882 abhorreat.
1144 1818 1237 1898 Loci,
1264 1819 1383 1896 quihus

205 1933 290 2002 part.
327 1943 377 2002 pr.
414 1925 596 2006 invenitur,
633 1926 667 1989 hi
704 1934 781 1991 sunt
816 1926 905 2005 167,
921 1930 956 1989 5:
993 1918 1208 2006 προαγόντων
1241 1915 1384 1987 δἀίτων

205 2028 295 2114 παροὶ
320 2024 379 2093 τὸν
404 2030 526 2094 Νεῖλον
550 2032 606 2094 καὶ
629 2024 703 2102 τούς
727 2022 822 2115 ὅρους
847 2023 1127 2114 ὑπερβαλλόντων
1145 2033 1200 2116 τῆς
1211 2026 1383 2109 Αἰγύπτου

205 2133 308 2201 ἐδεῖτο
340 2139 552 2223 μετανοῆσαι.
578 2141 677 2221 1118,
691 2145 726 2204 2;
751 2133 946 2222 προάγουσα
970 2134 1030 2201 ἐπὶ
1052 2132 1112 2200 τὸν
1135 2133 1244 2200 Ἰνδὸν
1278 2159 1381 2222 παρε-

207 2241 341 2330 γενήθη.
367 2247 417 2310 XI
436 2253 488 2328 22,
508 2255 537 2311 2.
564 2252 616 2328 36,
638 2254 673 2311 2;
702 2245 939 2329 προελομένων
965 2247 1132 2331 βοηθῆσαι
1156 2247 1212 2308 καὶ
1236 2270 1272 2311 π.
1298 2241 1381 2310 κατά

205 2347 361 2438 σπουδήν,
386 2354 534 2435 Χ11160,
550 2361 584 2418 2ε
621 2355 792 2436 Λεπτίνης
834 2346 921 2417 πολι)
950 2357 1015 2416 τῶν
1039 2349 1147 2416 ἄλλοιν
1171 2377 1207 2418 π.
1235 2354 1383 2437 διηγωνί-

205 2477 292 2543 σατο,
317 2461 380 2526 XV
395 2466 446 2542 32,
460 2466 491 2525 4.
525 2467 621 2543 52,1.
653 2462 753 2527 XVII
765 2467 870 2544 40,2;
904 2456 1021 2534 ἔπειτα
1053 2483 1089 2525 π.
1124 2452 1178 2523 ἐπ’
1218 2458 1384 2539 Αἴγυπτον

207 2568 262 2630 καὶ
286 2564 488 2652 καταντήσας
521 2563 566 2638 εἰς
596 2560 657 2652 τὴν
676 2571 894 2655 Φοινίκην..
924 2566 1122 2650 παρέλαβον’,
1154 2575 1251 2650 69,1.
1284 2576 1336 2650 69,
1351 2578 1381 2635 2.

2 2661 3 2724 ἰ
110 2735 112 2740 ,
206 2675 324 2741 XVIII
341 2681 392 2757 ιω,
407 2682 436 2739 6.
475 2682 525 2757 ιι,
540 2682 569 2739 3.
606 2675 691 2740 XIX
708 2681 759 2758 ιε,
779 2683 806 2740 1.
844 2674 1090 2759 9]‚1.(23‚2:
1127 2667 1179 2738 ὅτι
1209 2672 1275 2738 ἐστι
1314 2698 1382 2759 πρ,

206 2783 293 2862 quod
330 2785 364 2847 In
401 2784 545 2862 epistola
576 2785 617 2847 ab
653 2783 802 2848 Eumene
846 2784 1007 2849 ementita
1046 2785 1189 2867 legitur,
1222 2786 1286 2849 huo
1315 2804 1380 2849 non

205 2890 378 2974 pertinet).
426 2891 490 2956 Inf.
516 2892 734 2956 Inveniuntur
757 2891 911 2972 111724
936 2892 970 2955 in
994 2910 1043 2956 or.
1069 2893 1149 2956 obt:
1176 2887 1294 2953 ἔπειτα
1325 2884 1384 2954 τὸν

205 2992 367 3061 Διόνυσον
397 3020 433 3062 π.
463 2992 549 3081 πρὸς
576 2992 652 3067 τούς
684 3000 837 3078 Τιτᾶνας,
867 2997 1011 3081 Χ14,1;
1037 2993 1130 3072 ἔδοξε
1153 3002 1274 3076 ταχέως
1297 2990 1384 3061 άπο-

206 3103 351 3168 στέλλειν
374 3099 450 3176 τούς
473 3102 674 3175 κωλύσοντας
697 3129 734 3171 π.
760 3101 818 3168 ἐπὶ
841 3099 900 3190 τὴν
924 3097 1060 3168 Ἑλλάδα
1083 3100 1160 3176 τούς
1189 3101 1383 3189 βαρβάρους,

206 3215 274 3279 alit
310 3215 462 3292 exempla
497 3214 548 3278 XI
566 3220 617 3295 13,
633 3221 662 3278 3.
700 3220 797 3296 30‚1.
833 3214 914 3279 XIV
929 3222 981 3296 26,
996 3223 1025 3279 2.
1051 3214 1180 3296 XVII,
1196 3222 1224 3278 5.
1263 3215 1381 3280 XVIII

208 3328 305 3403 ναν.
332 3328 384 3403 30,
401 3328 429 3385 1.
471 3320 667 3402 ΧΙΧνο,ο.
694 3328 790 3403 3ου,
817 3329 913 3404 3ου.
939 3319 1012 3383 XX
1028 3327 1078 3404 15,
1093 3329 1122 3386 5.
1148 3330 1200 3404 νο,
1215 3328 1244 3386 4.
1281 3331 1333 3404 οι,
1350 3331 1383 3402 13

209 3434 302 3510 1021
320 3449 391 3493 cum
405 3430 541 3494 notione
558 3428 776 3507 perveniendi
794 3429 835 3493 ad
852 3449 1009 3494 summam
1022 3431 1169 3508 imperii:
1195 3425 1383 3513 Δημήτριος

207 3525 273 3614 εἶχε
320 3530 532 3618 πρόθεσιν..
603 3528 662 3598 τὸν
719 3531 930 3617 Κάσσανδρον
980 3531 1146 3619 πρότερον
1201 3543 1383 3622 συντρῖψαι

206 3643 261 3705 καί
298 3637 374 3705 τότε
413 3637 572 3725 προάγειν
611 3636 668 3705 ἐπ’
703 3634 805 3728 αὐτὴν
839 3638 899 3728 τὴν
953 3636 1139 3724 ἡγεμονίαν.
1196 3648 1268 3710 Huc
1318 3666 1383 3710 non

207 3753 378 3829 pertinent
390 3749 475 3815 XIX
493 3757 546 3832 38,
562 3757 591 3815 3.
618 3757 670 3832 93,
686 3756 715 3834 5,
741 3752 860 3830 quibus
885 3753 970 3815 Iocis
994 3753 1158 3833 Interrog.
1195 3753 1273 3834 int,
1300 3774 1382 3833 quas

208 3857 334 3940 dicunt,
370 3855 541 3940 leguntur,
577 3877 683 3938 neque
721 3858 786 3922 Ind.
822 3877 931 3937 praes,
967 3860 1053 3924 XIX
1073 3867 1158 3940 9112
1185 3861 1218 3924 In
1243 3879 1291 3924 or.
1317 3862 1382 3925 obl.

209 3985 282 4030 cum
318 3956 385 4029 tu:
423 3965 607 4045 θεωροῦτες
642 3957 693 4027 ὅτι
727 3971 794 4034 τοῖς
829 3965 1002 4045 πολεμίοις
1044 3955 1097 4046 ἐφ’
1121 3959 1174 4035 οὓς
1198 3961 1384 4048 προάγουσι

208 4065 361 4151 δυνάμεις
385 4063 590 4152 ὑπάρχουσιν
615 4065 757 4149 ἕτοιμαι.

313 4198 375 4262 His
400 4215 482 4276 quos
507 4197 577 4261 dixi
601 4198 685 4261 loeis
710 4198 858 4262 exclusIs
885 4198 1044 4274 leguntur
1070 4199 1103 4263 In
1128 4199 1225 4262 libriS
1242 4199 1382 4263 Diodori

210 4304 301 4382 impf.
328 4312 458 4369 centum
484 4313 571 4385 octo,
596 4312 682 4382 part.
708 4323 816 4382 praes,
842 4304 1128 4387 quattuordecim,
1165 4305 1223 4369 inf.
1252 4307 1382 4384 pariter

208 4411 492 4494 quattuordecim:
525 4412 652 4478 centies
682 4412 789 4494 igitur
817 4413 934 4482 trici0s
964 4413 1073 4481 sexies
1106 4432 1137 4478 v.
1162 4407 1324 4500 προάγειν
1349 4415 1382 4478 in
