3264 5050
680 436 902 495 ..41-

306 627 363 701 εἰς
394 638 437 696 et
467 626 524 694 ἐνι
562 629 665 694 Verbi
697 623 877 708 εἰσβαίνειν
911 627 1012 692 semel
1045 626 1158 693 notavi
1192 633 1275 705 port.
1316 643 1381 688 eor.

202 739 317 804 XVIII
337 745 387 820 14,
408 743 441 802 5:
475 733 577 800 ἐλαθε
606 729 720 805 νυκτός
748 731 794 805 είς
824 728 883 816 βὰς
912 730 957 805 είς
988 727 1045 804 τὰς
1076 737 1162 804 ναῦς.
1194 733 1296 800 Verbi
1328 727 1381 810 ἐμ-

201 849 330 926 βαίνειν
353 847 478 926 legitur·
502 843 591 924 impf.
616 843 701 909 XIII
715 850 768 923 98,
787 849 823 906 2:
848 841 1120 924 παρακαλοῦντες
1143 836 1313 921 ἐνέβαινον
1337 834 1382 908 είς

200 949 258 1022 τὰς
281 955 369 1035 ναῦς,
393 960 477 1033 part.
502 970 568 1016 aot.
581 949 681 1016 XVII
698 957 751 1035 96,
771 957 801 1014 l:
826 943 928 1032 ἐμβάς
952 944 997 1018 είς
1020 942 1078 1018 τὰς
1101 949 1178 1018 ναῦς
1194 940 1253 1010 τόν
1274 945 1382 1010 πλοῦν

202 1056 360 1138 ἐποιεῖτο,
394 1064 490 1144 97,1.
515 1058 599 1123 XXI
629 1056 671 1122 fr.
708 1062 806 1138 re,4:
841 1063 888 1126 είς
921 1048 1074 1135 ποταμὸν
1108 1059 1211 1135 μέγαν
1245 1049 1304 1116 σὺν
1338 1054 1383 1136 τῷ

202 1165 297 1252 ’ίππηι
320 1160 421 1248 ἐμβὰς
445 1158 510 1229 ὑπὸ
534 1167 593 1227 τοῦ
618 1160 784 1250 ῥεύματος
807 1159 983 1248 διεφθάρη.

310 1270 368 1337 ἐκι
392 1275 466 1338 Duo
496 1273 594 1338 attuli
630 1272 792 1355 exempla,
827 1290 910 1353 quae
943 1272 1025 1337 nihil
1058 1272 1180 1336 tabem.
1203 1270 1381 1351 singulare,

203 1383 336 1447 curisti:
369 1380 453 1446 XIII
475 1387 528 1455 69,
557 1385 592 1442 i:
628 1374 769 1460 ἐκβάντα
802 1374 862 1441 τόν
898 1375 1000 1461 ἄνδρα
1047 1372 1171 1448 πάντες
1201 1374 1382 1450 ἐδεξιοῦντο

201 1494 285 1569 (cum
309 1509 327 1555 ε
350 1509 435 1555 nave
459 1489 606 1569 exisset),
631 1487 712 1553 XIV
731 1494 816 1571 261
850 1488 884 1553 in
913 1489 985 1553 loco
1020 1494 1194 1566 corrupto:
1229 1479 1381 1566 ἐξέβησαν

202 1598 257 1660 καί
280 1588 494 1680 (ἐπήγγειλαν.

306 1700 394 1768 ἐπί;
421 1705 522 1796 Verbi
548 1698 738 1784 ἐπιβαίνειν
763 1721 813 1768 me
836 1701 968 1782 saepius
993 1708 1071 1782 puto
1097 1701 1210 1782 legissi
1235 1700 1323 1781 impf.
1348 1707 1383 1764 et

203 1795 312 1893 praees
333 1832 430 1893 quam
465 1812 638 1892 eerIstum3
673 1828 780 1890 neque
812 1810 872 1875 hoc
904 1810 1051 1893 mirum3·
1075 1828 1147 1874 nam
1183 1827 1223 1873 ex
1246 1811 1383 1874 notione

202 1941 261 1986 sua
285 1929 446 2001 >tanquam
479 1919 671 2001 propensius
705 1934 756 1984 est
787 1919 828 1984 ad
861 1915 1090 1998 imperfectum
1124 1925 1251 1998 tempus
1286 1936 1380 1996 quam

202 2023 395 2109 ἀναβαίνειν
434 2029 486 2093 vel
520 2027 714 2108 διαβαίνειν.
762 2027 840 2091 Gom
873 2026 957 2090 enim
993 2025 1107 2109 ‚adire‘
1142 2024 1292 2106 ,ingredi
1319 2025 1383 2106 ‚be-

202 2135 321 2202 treten‘
356 2135 539 2218 SIgnificet,
578 2131 709 2199 facilius
742 2133 875 2200 videtur
904 2132 946 2196 ad
976 2134 1209 2214 cogitationem
1242 2131 1383 2197 actionis

206 2261 269 2308 non
295 2240 468 2307 absolutae
491 2241 661 2306 inclinare.

305 2347 401 2430 Impf.
436 2349 602 2430 reperitur
640 2347 727 2413 XIII
747 2354 799 2432 79,
823 2353 853 2412 l:
892 2343 1085 2428 βιαζόμενοι
1126 2353 1199 2417 ταῖς
1237 2340 1383 2430 πρηίραις

203 2453 392 2538 ἐπέβαινον,
406 2456 486 2522 XIV
505 2463 557 2537 84,
578 2461 606 2519 I:
632 2447 826 2541 Ἀγησίλαος.
843 2502 859 2530 .,
880 2448 998 2537 ἐπειδη
1022 2449 1104 2535 μετὰ
1131 2457 1187 2538 τῆς
1216 2449 1383 2533 δυνάμεως

202 2560 377 2645 ἐπέβαινεν
401 2560 446 2634 είς
477 2565 653 2648 Βοεωτίαν,
687 2555 789 2633 socos
821 2561 852 2625 οί
895 2562 1081 2631 Βοιωτοὶ..
1111 2557 1305 2646 άπηντησαν
1339 2557 1384 2632 είς

203 2668 401 2754 Κορώνειαν.
449 2670 512 2753 Qui
547 2672 639 2737 locus
675 2671 794 2753 cignus
830 2679 896 2753 est,
941 2672 997 2753 qui
1030 2670 1236 2753 respicietur.
1291 2667 1382 2751 Quot

201 2781 288 2846 enim
322 2779 500 2860 Agesilaus
534 2778 598 2843 iem
630 2777 663 2842 in
688 2778 859 2843 Boeotiam
883 2779 991 2861 venit,
1028 2787 1061 2843 et
1085 2784 1219 2859 propter
1242 2795 1383 2857 sequens

201 2880 395 2971 ἀπήντησαν
416 2886 532 2967 notius
562 2885 809 2967 exspectaveris
842 2881 953 2969 ἐπέβη.
1000 2885 1064 2952 Sed
1099 2884 1260 2950 Diodorus
1299 2886 1383 2964 Age-

204 2994 323 3059 silaum
339 2993 403 3058 sibi
420 2993 515 3075 fingit
531 2994 566 3058 in
583 2994 704 3058 finibus
722 2995 920 3058 Boeotorum
936 2993 1097 3074 paulatim
1114 2991 1381 3073 procendentem:

204 3100 394 3182 ,Agesilaus
423 3100 619 3182 procedebat
644 3100 677 3164 in
698 3101 874 3182 Boeotiam,
900 3119 971 3165 cum
1011 3100 1125 3166 Boeoti
1150 3099 1261 3164 subito
1286 3100 1381 3165 Coro·

205 3226 297 3274 neam
324 3207 461 3290 profecti
486 3207 581 3272 surio!

312 3315 433 3380 Badem
470 3314 509 3380 do
544 3333 643 3380 causa
679 3315 784 3380 utitur
818 3315 874 3380 inf.
908 3333 1013 3396 praes.
1046 3315 1115 3381 XII
1129 3321 1234 3394 Bau:
1259 3309 1297 3378 τδ
1321 3315 1383 3394 μὲν

205 3425 339 3505 πρῶτον
363 3423 501 3485 πείθειν
525 3417 736 3503 ἐπεβάλοντο
760 3416 805 3502 μί
830 3418 1019 3503 ἐπιβαίνειν
1042 3426 1098 3502 της
1121 3417 1297 3506 άλλοτρίας
1320 3427 1380 3507 γῆς·

204 3523 244 3601 ιδς
268 3529 303 3593 δέ
327 3521 432 3600 οόδελς
455 3522 566 3600 αὐτοῖς
583 3536 765 3615 προσεῖχεν,
783 3526 999 3613 ἐστράτευσαν
1016 3525 1073 3594 ἐπί
1090 3525 1165 3602 τούς
1186 3536 1383 3610 κατέχοντας

203 3633 263 3722 την
288 3633 405 3722 χώραν.
431 3636 471 3702 cf.
490 3647 661 3718 praeterea
685 3637 766 3704 XIV
781 3644 833 3718 66,
847 3647 884 3701 6:
908 3631 1150 3707 ἐπέστειλαν..
1175 3634 1383 3711 κωλύσαντας

203 3747 388 3826 επιβαίνειν
400 3747 455 3828 της
466 3740 581 3827 χώρας,
595 3763 661 3810 una
674 3762 746 3810 cum
759 3746 817 3813 inf.
832 3765 897 3810 aer.
911 3746 974 3812 XV
988 3751 1040 3830 46,
1054 3753 1088 3810 5:
1115 3742 1181 3810 ἔδει
1201 3740 1318 3817 αίτοδς
1341 3742 1381 3810 τὰ

204 3847 331 3914 ἐπίπλα
354 3848 514 3934 λαβόντας
537 3842 705 3915 α’πελθεῖν
730 3853 786 3915 καὶ
809 3856 928 3935 μηκέτι
948 3855 1004 3934 τῆς
1017 3856 1181 3924 Βοιωτίας
1197 3851 1382 3935 ἐπιβαίνειν

197 3959 284 4026 'XVI
299 3966 351 4042 66,
373 3967 407 4024 6:
439 3956 698 4042 διεμαρτύραντο
731 3954 776 4039 μί
806 3955 979 4043 κατάρχειν
1016 3961 1167 4040 πολέμου
1205 3957 1281 4045 μηδ’
1313 3957 1382 4025 ἐπι-

202 4068 330 4148 βαίνειν
362 4070 417 4150 της
448 4065 608 4137 Σικελίας.
640 4068 732 4132 Part.
764 4085 872 4148 praes.
901 4067 1028 4148 legitur
1059 4068 1158 4134 XVII
1175 4077 1229 4140 43,
1258 4076 1289 4133 7:
1318 4073 1382 4132 τῶν

204 4169 410 4237 Μακεδόνων
445 4168 718 4257 προσαγαγόντων
752 4170 947 4256 πόργονς..,
988 4175 1043 4236 καί
1078 4169 1131 4239 διά
1167 4170 1291 4239 τούτων
1325 4172 1383 4247 τάς

206 4277 395 4365 ἐπιβάθρας
428 4276 674 4362 ἐπιβαλλόντων
706 4282 762 4343 καὶ
785 4285 931 4364 θρασέως
955 4288 1025 4352 ταῖς
1048 4277 1224 4356 ἐπάλξεσιν
1248 4279 1381 4364 ἐπιβαι-

205 4384 343 4464 νόντων,
368 4386 399 4450 οί
428 4384 591 4472 Τόριοι..
616 4383 723 4451 πολλὰ
749 4379 840 4466 εἶχον
863 4384 1074 4472 βοηθήματα.
1122 4391 1187 4456 Cur
1216 4392 1276 4457 hoc
1312 4393 1382 4459 Ioco

205 4497 246 4565 ad
271 4503 354 4578 port.
379 4516 444 4563 eor.
470 4496 533 4563 duo
559 4496 616 4562 ilia
640 4504 724 4578 part.
748 4515 851 4578 praes.
876 4496 1027 4578 apposita
1051 4498 1127 4582 sint,
1153 4499 1211 4566 vix
1235 4518 1316 4582 opus
1332 4509 1382 4568 ast

205 4605 382 4687 explicare.
