3264 5050
771 477 992 542 ..10-

298 661 354 730 τὸν
378 666 529 733 κίνδυνον
552 667 782 749 συμπεσόντων
812 665 848 733 τὸ
882 671 943 752 μὲν
972 664 1138 754 εάιόνυμον
1165 667 1266 756 μέρος
1294 669 1466 752 ἐπέχοντες

296 773 326 836 οἱ
357 779 420 837 τῶν
454 776 627 839 Θετταλῶν
659 774 775 848 ἱππεῖς
800 826 833 844 ..
857 775 1104 863 τεθαρρηκότως
1132 775 1279 857 ἐδέχοντο
1308 773 1368 863 τὴν
1392 776 1465 843 ε’πι-

296 876 447 967 φοράν,.,
472 892 539 949 turn
564 885 713 966 sequitur
736 886 889 965 acrisius,
913 888 1054 953 secunda
1078 905 1154 969 pars
1171 886 1303 968 proelii:
1329 878 1464 960 Ἀλέξαν-

296 989 368 1071 δρος
391 989 425 1052 δέ
457 985 532 1061 τούς
554 986 705 1074 ἀρίστους
727 995 792 1054 τῶν
816 989 946 1055 ἱππέων
964 989 1047 1071 ἔχων
1070 988 1151 1056 κατὰ
1176 985 1213 1055 τό
1238 989 1346 1067 δεξιὸν
1370 998 1464 1078 κέρας

300 1091 502 1175 μεθ’έαοτοῦ
524 1101 651 1181 πρῶτος
680 1095 863 1179 ἱφίππευσε
886 1105 953 1170 τοῖς
969 1104 1118 1185 Πέρσαις,
1144 1100 1318 1165 etiterum
1345 1101 1462 1183 imper·

296 1203 429 1287 fectum,
455 1225 517 1285 quo
542 1206 594 1270 hic
618 1209 760 1287 impetus
785 1207 933 1286 prudnus
957 1208 1162 1290 depingitur:
1187 1207 1241 1268 καὶ
1262 1207 1464 1286 συμπλακεὶς

224 1390 229 1398 Ι
295 1318 361 1381 τοῖς
391 1312 562 1392 πολεμίοις
586 1310 694 1376 πολέν
722 1309 829 1375 έποιέι
853 1308 968 1395 φόνον.
1014 1313 1141 1380 Deinde
1166 1333 1191 1378 c.
1210 1319 1251 1378 20
1283 1319 1357 1394 post
1390 1334 1463 1395 par·

296 1418 407 1500 ticipia
438 1411 683 1500 ἀγωνιζομένων
707 1429 742 1486 et
766 1414 1042 1503 ἀντιταττόντων,
1075 1439 1158 1500 quae
1182 1422 1255 1486 Ioco
1280 1419 1464 1502 imperfecti

295 1534 381 1600 sunt,
406 1529 576 1593 invenitur
601 1528 757 1593 aerleius:
783 1521 802 1611 η
825 1523 902 1613 τάχη
927 1523 1104 1611 συνήγαγεν
1121 1523 1166 1598 εἰς
1184 1522 1241 1589 ἕνα
1257 1523 1364 1590 τόπον
1389 1523 1464 1599 τοδς

294 1624 450 1716 ἀρίστους.
497 1635 577 1698 Tum
602 1635 717 1700 iterum
743 1635 828 1700 actio
854 1637 946 1714 quasi
971 1634 1117 1716 procedit
1142 1644 1173 1700 et
1200 1635 1315 1699 iterum
1332 1636 1464 1715 paulum

295 1741 459 1806 consistIt:
486 1734 503 1801 δ
539 1735 598 1825 γάρ
637 1745 689 1825 της
726 1735 846 1812 Ἰωνίας
878 1739 1046 1826 σατράπης
1080 1737 1315 1825 Σπιθροβάτης
1342 1777 1358 1790 -
1381 1736 1465 1822 μετὰ

294 1843 433 1931 μεγάλης
465 1845 630 1929 δυνάμεως
661 1848 794 1912 ἱππέων
817 1846 974 1933 ἀπέρραξε
1002 1857 1068 1920 τοῖς
1093 1846 1302 1925 Μακεδόσιν,
1328 1845 1407 1928 έχων
1430 1844 1465 1913 δέ

296 1952 581 2035 συναγωνιστάς..
629 1951 758 2041 ἀρεταῖς
785 1953 961 2040 διαφόρους
988 1952 1130 2019 ἐνέκειτο
1161 1963 1228 2027 τοῖς
1250 1948 1467 2039 ἀνθεστηκόσι

294 2064 349 2125 καὶ
373 2067 518 2146 θρασεως
544 2059 784 2143 ἀγωνιζόμενος
807 2057 861 2134 οὓς
885 2063 945 2144 μὲν
975 2055 1089 2151 ἀνῄρει
1120 2067 1184 2126 τῶν
1214 2057 1465 2145 ἀνθισταμένων

294 2165 349 2240 niis
382 2169 416 2233 δὲ
448 2167 736 2254 κατετραυμάτιζε.
796 2171 918 2237 Eadem
954 2171 1082 2237 ratione
1115 2171 1148 2235 in
1182 2171 1292 2236 verbIs
1329 2190 1465 2251 sequen·

293 2278 382 2343 tibus
405 2277 600 2360 imperfecta
625 2287 657 2344 et
681 2280 794 2343 acrIsti
821 2279 962 2344 variant.
1004 2277 1123 2343 Exitus
1149 2296 1276 2360 pugnae
1300 2280 1464 2358 equestris

296 2385 428 2451 aoristiS
451 2392 607 2450 narratur
632 2393 683 2468 21,
700 2393 735 2450 3:
763 2405 848 2464 μετα
879 2384 913 2447 δὲ
945 2388 1047 2447 ταῦτα
1081 2385 1136 2446 καὶ
1164 2388 1228 2447 τῶν
1257 2381 1362 2448 ἄλλων
1394 2382 1465 2447 ἐπι-

295 2496 407 2575 φανῶν
458 2485 625 2576 ἡγεμόνων
675 2530 717 2538 -
768 2489 887 2555 έπεσον
926 2492 1061 2562 πλείους
1103 2530 1138 2536 ·—
1185 2486 1293 2557 διδ...
1333 2496 1464 2577 πρῶτον

292 2599 354 2680 μὲν
400 2597 430 2660 οἱ
477 2596 558 2662 κατά
606 2596 663 2663 τόν
710 2595 918 2682 Ἀλέξανδρον
964 2604 1158 2678 τεταγμένοι
1204 2607 1320 2682 φυγεῖν
1370 2592 1465 2683 ηναγ-

294 2703 464 2792 κάσθησον
511 2727 536 2774 e.
584 2730 610 2788 q.
658 2728 697 2773 s:
751 2703 956 2792 ἀπηνέγκατο
972 2743 990 2753 -
1011 2704 1098 2780 ἔδοξε
1115 2742 1130 2753 -
1148 2703 1249 2785 ἔσχον.
1318 2708 1466 2788 Denique

294 2821 386 2897 21,5
434 2817 546 2897 paucis
593 2818 750 2897 proelium
787 2816 930 2897 pediturn
971 2822 1005 2882 et
1045 2817 1153 2882 exitus
1192 2816 1295 2882 totius
1335 2836 1463 2899 pugnae

293 2922 427 2989 anristis
451 2929 618 2988 narratur:
656 2920 739 3003 μετ-δ
765 2923 797 2985 δὶ
819 2917 878 3006 τὴν
901 2926 966 2985 τῶν
991 2920 1121 2985 ἱππέων
1152 2916 1280 3006 τροπὴν
1309 2921 1339 2985 οἱ
1368 2925 1463 3000 πεζοὶ

292 3023 512 3111 συμβαλόντες
535 3024 687 3114 ἀλληλοις
711 3023 819 3110 ὀλίγον
843 3026 960 3113 χρόνον
984 3025 1235 3113 ἦγωνίσαντο-
1250 3029 1280 3092 οἱ
1304 3024 1363 3115 γὰρ
1387 3027 1465 3113 βάρ-

292 3141 389 3220 βαροι
413 3175 456 3184 -
481 3137 743 3216 καταπλαγέντες
767 3139 820 3200 καὶ
845 3145 916 3208 τοῖς
941 3144 1059 3222 ψυχαῖς
1083 3133 1223 3207 ε’,νδόνεις
1254 3132 1337 3220 πρὸς
1360 3132 1466 3221 φυγὴν

293 3237 456 3327 ὥρμησαν.
493 3237 701 3331 ἀνηρέθησαν
737 3246 770 3308 δέ
805 3249 869 3306 τῶν
908 3246 1040 3327 Περσῶν
1073 3243 1103 3304 ολ
1134 3239 1298 3314 πάντες..
1330 3241 1464 3328 ἐζωγρη-

294 3356 400 3438 θησαν
425 3373 450 3418 e.
468 3377 496 3434 q.
514 3375 538 3416 s.

400 3499 523 3562 Eadem
556 3499 594 3564 de
629 3517 729 3563 causa
753 3496 836 3562 XIII
856 3503 904 3579 17,
927 3503 944 3560 3
970 3502 1058 3560 recta
1082 3495 1204 3576 legitur
1234 3494 1462 3576 imperfectum

292 3602 474 3668 ένέκλινονε
504 3609 565 3667 τῶν
591 3605 624 3667 δὲ
657 3599 748 3689 παρὰ
778 3600 837 3687 την
865 3596 964 3667 πόλιν
993 3599 1248 3666 κινδυνευόντων
1288 3594 1463 3688 Ἀθηναίων

292 3713 531 3792 ἐκβιασθέντων
555 3713 610 3774 και
633 3709 717 3794 πρὸς
740 3708 845 3796 φυγὴν
869 3705 1083 3794 ὁρμησάντων
1100 3708 1131 3770 οἱ
1147 3717 1315 3792 προσεχεῖς
1331 3701 1383 3772 ἀεὶ
1399 3713 1463 3771 τῶν

293 3812 469 3904 Ἀθηναίων
517 3816 684 3882 ἐνέκλινον
737 3821 790 3881 καὶ
838 3810 1022 3896 κατ’ἀλίγον
1068 3810 1213 3887 ἅπαντες
1266 3812 1462 3901 ἐτράπησαν.

293 3928 363 4008 Quo
413 3928 488 4006 loccj
524 3929 751 4008 Imperfectum
796 3928 922 3991 omnino
972 3926 1188 3992 necessarium
1221 3932 1278 3990 est.
1311 3926 1460 4009 cf.17,5

293 4023 401 4096 εἷλκον
425 4027 574 4117 ἠξίωσαν,
598 4042 683 4110 Ira?
709 4029 1224 4117 ἐνέπρησαν·παρεσκευάζοντο.
1264 4033 1332 4097 Nec
1357 4032 1461 4098 minus

293 4144 372 4206 XIV
409 4148 487 4227 104,
517 4151 555 4222 4,
617 4144 671 4206 nbi
730 4161 873 4224 pugnam
932 4142 1108 4221 describit,
1168 4159 1230 4218 qua
1285 4139 1462 4220 Dionysius

292 4249 394 4314 maior
442 4251 584 4315 Helorirn
634 4250 732 4334 vicit,
791 4250 982 4330 Inperfecta
1039 4267 1108 4312 cum
1158 4246 1281 4312 aoristo
1328 4247 1460 4313 coniun-

292 4367 427 4438 guntur:
462 4361 525 4417 τῶν
556 4349 787 4418 δἺτπλιωτῶν
818 4352 987 4438 σποράδην
1018 4349 1070 4416 διδ
1097 4349 1155 4437 τὴν
1179 4348 1326 4437 σπουδὴν
1350 4349 1460 4436 ἐκβοη-

292 4460 442 4530 θούντων
467 4461 498 4528 ολ
525 4464 717 4530 Σικελιῶται
749 4460 806 4538 τάς
835 4460 939 4536 τάξεις
963 4457 1233 4544 διαφυλάττοντες
1257 4462 1370 4548 ῥηιδίως
1396 4465 1461 4528 τῶν
