3264 5050
771 459 993 526 ..pp-

294 652 404 737 cepite
429 651 527 720 tertio
552 655 654 722 verbe
675 645 770 738 ἥκειν
793 661 828 722 et
851 650 938 718 ἰέναι
961 673 999 721 ac
1016 655 1196 736 conposita
1212 661 1350 737 practer
1365 652 1471 718 ἐπαν-

294 766 380 826 ιέναι
404 767 634 846 struppearia,
661 763 841 843 dequibus
866 763 974 845 capite
999 771 1116 844 quarto
1141 763 1325 840 disseram,
1355 765 1470 843 quinto

293 873 423 952 βαίνειν
458 877 492 936 et
528 889 661 956 compp.‚
698 880 833 952 praeter
868 873 1062 952 συμβαίνειν
1094 877 1128 935 et
1163 864 1359 952 ἀποβαίνειν
1398 890 1471 935 cum

293 978 427 1044 notione
451 977 630 1061 aocidendi,
656 985 748 1043 serto
771 983 900 1061 τρέχειν
924 987 958 1045 et
978 985 1094 1061 χωρεῖν
1117 985 1151 1042 et
1174 995 1307 1058 compp.,
1332 977 1471 1059 septimo

295 1085 520 1165 disputabitur
544 1085 584 1151 de
610 1085 720 1151 verbis
743 1078 850 1170 ὁρμᾶν
869 1104 907 1151 ac
923 1081 1128 1170 πορεύεσθαι
1145 1091 1179 1152 et
1196 1104 1331 1166 compp.‚
1355 1091 1471 1152 octavo

293 1193 333 1258 de
355 1189 416 1276 τὴν
439 1187 626 1274 ἐπάνοδον,
659 1196 800 1277 πορείαν
827 1196 1001 1256 ποιεῖσθαι
1029 1193 1209 1272 similibus,
1240 1211 1324 1258 nouo
1356 1192 1472 1258 deinde

294 1301 333 1366 de
356 1296 450 1379 ἄγειν
472 1308 506 1366 et
529 1319 654 1382 compp.
672 1313 807 1381 praeter
822 1297 989 1384 προάγειν
1005 1301 1188 1382 procedere,
1207 1300 1248 1366 de
1264 1318 1329 1379 qno
1347 1299 1471 1365 decimo

294 1406 495 1491 disseretur,
528 1407 698 1473 undecimo
723 1407 860 1488 deniqne
892 1409 1001 1488 capite
1032 1408 1072 1473 dc
1101 1401 1376 1490 προιοπεδείειν
1400 1424 1471 1471 cum

294 1533 418 1597 compp.
442 1521 476 1580 et
500 1506 742 1593 ἀναζευγνύειν.

400 1622 463 1688 Ubi
489 1628 594 1688 antem
621 1622 757 1705 cognovi
782 1623 866 1688 nihil
890 1622 1043 1703 inveniri,
1069 1621 1197 1702 quoda
1230 1623 1378 1699 generali
1411 1640 1471 1686 usu

292 1731 454 1795 sermonis
477 1731 622 1812 recedat,
646 1749 716 1796 rem
741 1729 950 1811 paucissimis
974 1730 1086 1796 verbis
1110 1729 1237 1794 absolvi
1272 1748 1310 1792 ac
1342 1735 1468 1794 tantum

292 1836 375 1902 satis
400 1855 549 1916 magnum
575 1855 743 1902 nnmerum
768 1839 991 1917 exemplorum
1017 1836 1149 1918 contuli,
1179 1856 1242 1916 quo
1276 1837 1336 1900 hoc
1365 1836 1471 1918 ipsum

294 1945 401 2026 possit
425 1943 582 2025 intellegi.

780 2251 988 2260 —

568 2514 633 2584 ΙΙΙ.
680 2516 738 2583 De
762 2517 893 2584 verbis
916 2507 1009 2602 ἥκειν
1034 2525 1071 2582 et
1095 2514 1189 2586 ἰέναι,

399 2713 500 2780 Verbi
535 2713 695 2795 simplicis
730 2711 817 2778 ἰέναι
851 2715 934 2781 satis
967 2734 1043 2782 raro
1076 2715 1292 2783 inveniuntur
1322 2715 1473 2796 exempla

295 2822 383 2904 apud
407 2821 595 2887 Diodorum,
635 2822 766 2887 Notium
789 2823 900 2887 notavi
918 2823 1034 2902 locum,
1059 2841 1121 2902 quo
1138 2822 1227 2903 inopi.
1244 2819 1316 2910 ¹picto
1331 2823 1472 2907 legetur,

295 2947 354 2994 nec
379 2935 458 3010 puto
481 2929 515 2993 in
539 2928 687 2994 omnibus
712 2929 931 3012 quadraginta
955 2931 1062 3013 libris,
1087 2930 1143 3010 qui
1177 2930 1306 3009 quidem
1341 2937 1473 3011 praesto

295 3036 372 3118 sint,
408 3035 510 3102 ullum
541 3033 630 3115 impi.
660 3037 757 3102 haina
788 3037 879 3102 verbi
909 3037 1058 3119 reperiri.
1106 3039 1151 3103 Et
1174 3037 1320 3118 reliquae
1345 3056 1474 3120 quoque

295 3143 418 3208 formae
448 3142 530 3208 satis
560 3161 637 3210 raro
671 3143 893 3210 inveniuntur.
941 3143 1032 3226 Quae
1061 3163 1115 3210 res
1147 3145 1296 3211 miranda
1326 3151 1466 3210 nonest

297 3251 406 3316 Multa
450 3249 534 3315 enim
574 3251 673 3316 verba
712 3250 874 3333 simplicia
913 3252 1018 3334 magis
1052 3253 1222 3334 magisque
1256 3252 1291 3318 in
1326 3271 1473 3318 sermono
1529 3337 1533 3344 ι

295 3356 489 3439 posterioris
525 3357 647 3422 aetatis
684 3365 902 3440 evanescunt,
938 3378 975 3424 ac
1010 3361 1039 3425 si
1074 3361 1159 3440 apud
1196 3360 1377 3441 atticistaS,
1416 3361 1473 3439 qui

296 3464 460 3546 dicuntur,
488 3473 523 3529 et
546 3465 723 3544 scriptores
740 3466 942 3549 Byzantinos
966 3467 1071 3532 denuo
1093 3469 1226 3550 saepius
1243 3469 1408 3550 leguntur,
1432 3485 1472 3532 ex

298 3571 521 3652 antiquiorum
553 3572 646 3639 libris
678 3590 716 3638 ea
745 3575 851 3654 petita
881 3592 955 3639 esse
987 3575 1167 3654 putaveris.
1214 3576 1328 3655 Neque
1358 3575 1472 3641 aoristi

296 3663 402 3762 ἦλθον
425 3685 475 3744 tot
499 3685 633 3745 exstant
656 3683 807 3763 exempta
830 3690 909 3761 quot
933 3681 1019 3764 apud
1043 3690 1172 3748 veteres
1197 3701 1234 3746 ac
1259 3702 1358 3764 prope
1379 3684 1472 3749 doleo

296 3803 347 3852 me
382 3805 457 3871 non,
497 3793 534 3852 at
569 3787 652 3853 alias
688 3787 770 3871 ieci,
807 3789 915 3854 omnia
956 3789 1143 3855 contulisse.
1206 3791 1279 3855 ind.
1314 3791 1474 3873 leguntur

297 3893 344 3959 VI
356 3897 378 3959 f.
393 3901 422 3976 9,
441 3900 473 3959 l:
497 3889 601 3976 φόνον
624 3886 779 3959 οἷκοέσιον
801 3890 930 3977 φεύγων
953 3889 970 3958 ὃ
995 3892 1260 3982 Βελλεροφόντης
1282 3878 1365 3982 ἦλθε
1390 3892 1474 3980 πρὸς

298 4004 450 4084 Προῖτον,
475 4002 555 4066 XIV
571 4009 622 4084 25,
637 4010 672 4067 8:
697 3999 811 4078 ἔδοξεν
834 3987 895 4066 οὖν
919 3995 1029 4074 αὐτοῖς
1052 3998 1099 4088 μὴ
1123 4007 1164 4092 τῇ
1192 3999 1274 4092 αὐτῇ
1300 4002 1360 4091 τὴν
1389 4001 1472 4072 ἐνα-

296 4103 434 4194 χώρηαιν
456 4092 543 4196 ᾗπερ
570 4088 677 4193 ἦλθον
706 4114 895 4194 ποιεῖσθαι,
922 4121 1004 4192 part.
1023 4113 1070 4177 IV
1092 4119 1144 4192 58,
1165 4120 1197 4179 2:
1222 4110 1297 4186 τούς
1325 4106 1474 4185 δ’ἐλλονς

296 4207 512 4300 Ἡρακλείδας
547 4216 647 4298 φασὶν
681 4213 840 4288 ἐλθόντας
873 4213 943 4302 παῤ
966 4205 1352 4305 Αἰγίμιον-κατοικῆσαι,
1379 4222 1473 4288 etv

299 4328 351 4404 62,
371 4328 403 4388 4.
426 4323 511 4389 ΧΙΙΙ
536 4330 564 4407 2,
595 4331 624 4387 5.
651 4331 680 4405 Β,
697 4331 725 4392 5.
753 4323 838 4391 XIV
864 4332 915 4408 25,
944 4332 976 4410 73
1007 4328 1065 4392 inf.
1087 4328 1133 4393 IV
1159 4322 1474 4415 61,1;ὁδ’ἔχρησεν

297 4426 412 4494 ἐλθεῖν
435 4424 552 4502 αὐτοὺς
575 4425 660 4515 πρὸς
681 4427 817 4514 Αἰακόν,
842 4433 920 4499 vlf.
938 4439 965 4516 l,
984 4441 1022 4499 10
1047 4435 1150 4501 semel
1174 4435 1233 4502 inf.
1258 4443 1291 4502 et
1315 4438 1473 4520 bis-part.
