3264 5050
648 441 871 518 adl-a

169 649 286 727 φυγεῖν
317 641 362 718 εἰς
391 641 508 731 Ἄργος.
555 644 733 714 indicativi
763 647 921 729 leguntur
950 646 1032 714 XVI
1048 653 1078 732 λ,
1092 653 1126 714 6:
1162 638 1351 718 Παυσανίας

171 753 205 817 δὲ
222 806 228 819 .
310 749 491 836 ἐπεβάλετο
524 747 576 818 διὰ
605 756 665 817 τοῦ
698 756 837 839 Θρᾳκῶν
867 754 1019 836 βασιλέως
1050 752 1108 818 ἐπὶ
1135 747 1195 818 τίν
1233 760 1349 818 Μακε-

171 854 305 944 δονικὴν
327 860 495 943 βασιλείαν
520 865 677 927 κατιέναι,
701 854 820 940 ὁμοίως
843 860 950 924 δὲκαὶ
974 853 1138 946 Ἀθηναῖοι
1155 913 1185 928 ..
1210 866 1350 942 κατῆγον

170 965 230 1031 ἐπὶ
265 963 325 1052 τὴν
363 967 532 1050 βασιλείαν
576 961 729 1052 Ἀργαῖον,
776 969 832 1032 καὶ
878 964 1055 1054 στρατηγὸν
1102 964 1351 1034 ἀπεστάλκεσαν

172 1078 339 1157 Μαντίου,
363 1076 530 1142 XXXVII
546 1074 586 1143 fr.
607 1082 658 1158 15,
679 1082 711 1141 I:
736 1069 753 1137 ὁ
771 1072 906 1159 Μοίριος
928 1073 1027 1161 ἤγαγε
1044 1069 1105 1161 τὴν
1129 1073 1271 1160 δύναμιν
1295 1075 1351 1142 ἐπὶ

170 1177 207 1245 τὸ
238 1186 408 1250 Σαυνιτῶν
443 1183 559 1246 πεδίον
601 1184 657 1246 καὶ
691 1191 759 1255 τοῖς
793 1181 969 1264 πολεμίοις
1003 1176 1350 1269 ἀντεστρατοπέδευσε,

172 1291 384 1369 Πομπαίδιος
413 1290 448 1354 δὲ
489 1283 549 1375 τὴν
579 1294 643 1354 τῶν
682 1284 766 1356 ὅλων
801 1285 976 1376 ἡγεμονίαν
1013 1288 1221 1377 παρειληφὼς
1255 1287 1350 1378 παρὰ

170 1405 237 1469 τοῖς
268 1402 419 1483 Μαρσοῖς
449 1398 505 1460 καὶ
539 1390 634 1470 αὐτὸς
667 1401 792 1484 προνγε
820 1392 879 1464 νυν
914 1394 1057 1480 δύναμιν
1088 1399 1135 1484 (v.
1155 1401 1253 1468 etiam
1278 1420 1302 1468 s.
1319 1420 1350 1467 v.

173 1501 337 1589 προάγειν
360 1501 458 1592 τινα).
896 1509 898 1516 ’

279 1613 467 1680 PartIeuIae
506 1611 570 1693 μὲν
608 1615 642 1680 in
678 1616 784 1680 altero
820 1616 961 1680 membro
1000 1633 1065 1680 non
1101 1614 1276 1696 respondet
1315 1613 1351 1677 δὲ

171 1719 254 1786 XIX
268 1726 297 1805 9,
313 1727 345 1785 3:
358 1714 375 1782 ὁ
390 1718 425 1783 δι’
450 1713 666 1807 [Ἀγαθοκλῆς]
690 1717 728 1784 τὸ
753 1719 816 1802 μὲν
838 1724 971 1806 πρῶτον
994 1714 1131 1805 ἡσυχίαν
1154 1707 1253 1800 εἶχεν.
1280 1712 1351 1785 εἶτα

171 1829 231 1890 τοῦ
261 1824 414 1910 πλήθους
436 1823 623 1913 βιαιότερον
658 1826 846 1910 ἐγκειμένου
887 1831 1127 1914 προςδέξεσθαι
1160 1828 1222 1910 μὲν
1253 1825 1350 1914 ἔφησε

169 1929 229 2019 τὴν
252 1938 456 2021 στρατηγίαν,
480 1928 525 2020 μὴ
548 1940 663 2016 μέντοι
687 1956 722 2014 γε
746 1931 821 2016 μετ’
844 1933 952 2000 ἄλλων
977 1933 1098 2021 ἄρξειν.

278 2043 317 2109 Ια
352 2045 537 2110 enuntiatis
577 2044 740 2125 particula
776 2039 837 2128 γὰρ
871 2044 1035 2110 adIunotis
1079 2044 1198 2128 legitur
1231 2045 1350 2126 imper·-

172 2148 294 2215 fectum
319 2150 404 2214 XIII
420 2157 472 2234 80,
492 2157 528 2218 7:
554 2145 702 2232 Ἀννίβας
726 2148 901 2225 ἐξέπλευσε
923 2147 1007 2232 μετὰ
1026 2153 1110 2214 νεῶν
1132 2147 1349 2237 πεντήκοντα·

173 2252 312 2320 ἔσπευδε
345 2251 407 2342 γὰρ
441 2251 516 2329 τοὺς
549 2260 772 2342 Συρακοσίους
807 2259 1007 2341 κωλῦσαι..,
1035 2261 1117 2325 XIV
1134 2266 1241 2343 49,3:
1271 2264 1350 2322 Διο-

173 2358 281 2435 νύσιος
305 2417 311 2430 ,
331 2414 337 2428 .
361 2361 419 2428 ἐπὶ
442 2358 503 2447 τὴν
528 2345 667 2450 Μοτύη-ν
691 2357 826 2429 ἅπασαν
850 2361 947 2449 ἤγαγε
970 2359 1029 2435 τὴν
1052 2362 1202 2447 δύναμιν·
1230 2363 1350 2444 ἤλπιζε

172 2463 232 2554 γὰρ
254 2466 373 2555 ταύτης
406 2468 718 2558 ἐκπολιορκηθείσης
744 2468 803 2544 τὰς
830 2469 932 2546 ὅλλας
962 2465 1085 2545 εὐθέως
1114 2468 1212 2546 αὐτὰς
1242 2496 1349 2559 παρα-

172 2573 296 2643 δώσειν.

278 2686 344 2752 Sed
368 2687 450 2753 baeo
476 2705 578 2768 pauca
602 2705 684 2767 quae
709 2689 808 2754 attuii
833 2689 981 2769 exempla
1003 2688 1166 2755 sufisiaut.
1209 2691 1292 2755 Nam
1316 2691 1350 2755 in

172 2792 279 2858 animo
304 2801 393 2875 erat,
427 2803 464 2860 ut
496 2813 596 2876 supra
622 2794 706 2872 dixi,
735 2795 895 2876 imprimis
919 2813 973 2860 eos
996 2797 1140 2861 ambitus
1166 2798 1348 2880 verborum,

170 2898 206 2965 in
229 2901 348 2982 quibus
372 2903 429 2962 καί
449 2909 483 2966 ot
506 2899 626 2981 μὲν-δέ
645 2902 868 2984 inveniuntur,
892 2903 1068 2984 respicere.
1104 2903 1219 2969 Liceat
1236 2905 1348 2987 igitur,

171 3012 210 3072 ut
233 3008 310 3072 mihi
334 3026 578 3094 proposueram,
603 3009 645 3074 ad
669 3010 872 3090 singulorum
895 3028 988 3076 usum
1007 3013 1181 3076 verborum
1202 3014 1349 3078 transire

171 3114 446 3197 investigandum.

172 3783 226 3847 De
268 3783 411 3848 verbis
453 3783 572 3850 eundi
612 3793 647 3851 et
689 3783 995 3865 proficiscendi
1038 3805 1083 3852 ao
1126 3785 1346 3853 similibus.

278 3997 394 4064 'I'ertia
418 4017 495 4080 pars
518 3997 617 4064 buius
641 3999 884 4084 disputationis,
909 4000 1002 4066 utin
1028 4000 1234 4084 praefatione
1265 4000 1345 4082 dixi,

171 4107 275 4172 verbu
299 4106 398 4172 eundi
424 4112 458 4172 et
482 4105 716 4189 proficiscendi,
742 4107 878 4172 ducendi
904 4115 938 4174 et
960 4109 1029 4173 alia
1059 4110 1162 4190 verba
1193 4108 1345 4175 movendi

171 4214 326 4280 eontinet.
374 4213 440 4280 Sed
464 4232 506 4279 ne
529 4201 667 4279 extensa
690 4213 747 4278 iila
771 4216 910 4280 materia
934 4217 982 4282 eis
1007 4215 1063 4296 qui
1079 4216 1194 4295 legunt
1210 4215 1346 4280 molesta

172 4319 235 4402 sit,
268 4320 301 4386 iu
332 4321 465 4404 singula
498 4320 608 4402 eapite
635 4337 704 4385 earn
729 4321 894 4388 distribui.
941 4322 1033 4406 Quae
1058 4323 1178 4407 capita,
1203 4341 1345 4402 queres

172 4426 346 4496 dilucidior
368 4429 422 4514 sit,
447 4429 591 4495 numeris
608 4427 773 4496 continuis
789 4428 982 4514 significavi.
1026 4432 1227 4497 Tractentur
1241 4429 1346 4514 igitur
