3306 5050
789 459 1010 520 „45-

312 660 363 719 est
387 646 457 718 loce
482 672 548 718 εστ.
574 652 695 738 διέδρα,
726 657 808 733 pert.
840 646 1096 731 θαυμαζόμενος
1120 651 1189 716 loeo
1214 650 1306 744 imp-f.
1332 645 1489 730 έθανμοί-

317 764 400 838 ζετο,
449 761 577 826 Deinde
611 760 737 841 iegitur
769 767 850 839 part.
885 760 936 824 XI
958 766 1041 841 e,5:
1081 747 1338 840 διαδρὰς..ἡκε,
1376 763 1485 835 921:

312 863 445 951 διαδρὰς
489 861 710 948 ἀφίππευσεν.
757 867 941 946 xliee‚e:
977 862 1081 928 έλαθέ
1116 861 1258 951 διαδράς,
1293 865 1378 932 idem
1398 866 1487 931 XIII

315 981 387 1056 103,
407 982 434 1056 θ;
459 982 489 1056 5,
510 982 545 1038 5:
573 974 676 1053 διαδρ.
710 966 861 1035 ἐκποδὼν
904 969 1075 1056 ἐχωρίσθη,
1119 972 1201 1038 ΧΙΧ
1222 979 1274 1055 115,
1303 981 1337 1036 5:
1362 969 1487 1035 ἔλαθον

312 1079 513 1165 διαδράντες,
552 1081 609 1148 inf.
642 1080 813 1160 11177,8;
853 1077 1103 1164 ἐκπετασθῆναι
1143 1081 1198 1142 καί
1236 1080 1409 1161 διαδρᾶναι
1447 1075 1487 1143 τὰ

310 1189 460 1268 πέλαγος.

415 1298 488 1362 Uno
512 1298 582 1362 loeo
608 1307 686 1376 pute
711 1315 762 1361 me
786 1295 907 1378 IegIsee
931 1290 1075 1377 δρασμὸν
1105 1297 1288 1378 ποιεῖσθαι,
1313 1295 1397 1374 quod
1423 1296 1486 1360 huc

311 1403 411 1470 lieeet
434 1403 582 1468 adicere:
612 1402 730 1466 XVIII
753 1407 802 1480 19,
828 1409 862 1465 2:
887 1393 1045 1484 Ἁρπάλου
1068 1397 1126 1464 τόν
1150 1398 1256 1483 ἕκτης
1281 1395 1379 1471 Ἀσίας
1402 1402 1482 1483 δρα-

252 1584 255 1590 .
309 1504 392 1589 σμέν
416 1513 646 1593 ποιησαμένου
661 1509 717 1570 καί
735 1503 1019 1578 καταπλεύσαντος
1032 1555 1062 1574 ..
1082 1511 1250 1590 Θίβρων..
1267 1504 1487 1592 δολοφονήσας

309 1613 420 1701 κύριος
443 1613 574 1696 ἐγένετο
594 1619 660 1678 τῶν
683 1612 867 1698 χρημάτων.

413 1725 451 1788 In
485 1725 678 1806 compositis
712 1723 806 1789 verbi
830 1727 959 1805 τρέχειν
994 1729 1166 1804 praeterea
1196 1725 1280 1788 nihil
1313 1724 1484 1802 siuguiere

308 1832 494 1910 invenitur,
542 1831 739 1912 saepissime
778 1834 962 1913 συντρέχειν
994 1839 1028 1894 et
1062 1835 1273 1911 κατατρέχειν
1316 1832 1484 1912 legentur,

308 1941 439 2019 relique
471 1940 573 2004 mulie
608 1940 727 2004 rarius
774 1939 866 2003 Part
894 1956 960 2002 eor.
996 1931 1204 2018 είςδραμόιν
1239 1944 1348 2002 exstat
1383 1937 1484 2002 XXX

309 2043 348 2109 fr.
376 2051 427 2126 le,
442 2053 480 2110 2:
504 2048 569 2108 τῶν
593 2040 882 2126 σωματοφυλάκων
901 2065 951 2114 τις
975 2037 1156 2127 είσδραμόν
1173 2039 1218 2114 είς
1233 2038 1291 2106 τὸν
1317 2044 1484 2128 λουτρῶνα

307 2146 367 2224 την
391 2155 577 2236 παρουσίαν
599 2154 667 2215 τῶν
689 2152 859 2230 πολεμίων
876 2147 1048 2235 ἐδήλωσεν,
1063 2152 1130 2217 imi.
1153 2146 1341 2234 ἐξέδραμον
1365 2153 1484 2216 XVIII

188 2267 191 2274 ’
310 2266 413 2342 29‚2:
438 2258 553 2340 οἱμὲν
588 2257 689 2322 ἵπποι
724 2255 914 2341 ἐξέδραμον,
945 2253 1038 2321 αὐτοὶ
1068 2249 1221 2322 δ’ἐπεσον
1250 2255 1307 2321 ἐπὶ
1330 2253 1390 2342 τὴν
1414 2262 1482 2344 γῆν,

308 2375 393 2447 pert.
419 2363 631 2450 ἐπιδραμών
654 2367 804 2431 XXXVI
820 2365 860 2430 fr.
876 2373 907 2447 1,
924 2373 957 2430 l:
987 2359 1047 2448 τὴν
1079 2368 1313 2450 Μοργαντίνην
1345 2367 1484 2450 πολιορ-

308 2469 405 2557 κήσας
427 2470 593 2544 Σαλοόιος
616 2469 807 2557 ἐπιδραμὼν
830 2468 890 2546 την
913 2469 1021 2556 χώραν
1046 2469 1202 2556 ἤθροισεν
1226 2466 1328 2536 αὑτοῦ
1348 2467 1386 2537 τὸ
1403 2470 1484 2553 σύμ-

307 2601 376 2643 παν
399 2576 592 2665 στράτευμα.

415 2708 511 2773 Verbi
536 2710 772 2789 κατατρέχειν
794 2708 962 2786 reperitur
985 2707 1072 2786 impi.
1097 2705 1146 2770 XI
1162 2711 1213 2789 61,
1234 2713 1262 2770 i:
1287 2702 1404 2790 ταύτης
1420 2705 1484 2785 μὲν

307 2818 362 2888 τοῖς
400 2812 554 2897 ἐπιβολές
600 2810 793 2899 ἐπέστησαν,
828 2809 1091 2894 καταλαβόμενοι
1130 2812 1164 2875 δὲ
1202 2816 1259 2896 τῆς
1296 2817 1485 2898 Μεσσηνίας

307 2926 424 3005 χωρίον
449 2917 565 3005 α’χαρέν
590 2919 625 2984 ἐκ
649 2917 767 2984 τούτου
791 2913 852 2998 τὴν
875 2914 982 3006 ὁρμὴν
996 2911 1196 2999 ποιούμεναι
1215 2925 1408 3002 κατέτρεχον
1422 2917 1483 3004 την

307 3025 507 3093 Λακωνικόν
546 3031 604 3110 (eb
639 3031 700 3093 hoe
722 3028 853 3109 incepto
878 3029 1076 3093 destiterunt
1101 3035 1135 3092 ee
1160 3028 1351 3092 Laconicam
1386 3029 1482 3092 deve-

307 3139 465 3219 stabant),
491 3135 639 3202 XXXVI
662 3137 703 3201 fr.
725 3141 811 3213 e,1:
842 3135 897 3196 καί
926 3137 1026 3197 τοῦτο
1054 3134 1116 3214 μέν
1139 3130 1252 3205 πόλεις
1275 3130 1481 3215 ἐπολιόρκει,

306 3248 404 3306 τοῦτο
434 3242 469 3307 δέ
505 3246 615 3306 πᾶσαν
645 3236 707 3320 τὴν
737 3237 847 3323 χώραν
876 3245 1045 3324 κατέτρεχε
1069 3242 1124 3303 καὶ
1149 3241 1283 3304 πολλῶν
1303 3237 1480 3326 ἐκυρίευσε,

308 3353 364 3416 ubi
389 3351 511 3417 aoristo
536 3357 673 3416 eventus
697 3367 807 3414 earum
836 3368 919 3429 quae
936 3348 1137 3428 imperfectis
1154 3349 1346 3414 indicantur·
1369 3369 1478 3415 rerem

306 3459 522 3540 significatur.
560 3459 651 3525 Part.
671 3475 775 3537 praes.
792 3463 902 3522 exstet
915 3453 1006 3518 XIX
1025 3461 1093 3539 108,
1110 3463 1146 3521 3:
1172 3458 1236 3518 τῶν
1264 3450 1323 3538 γὰρ
1344 3451 1481 3536 Λιβόων

307 3561 577 3648 κατατρεχόντων
599 3558 660 3643 τὴν
683 3563 849 3643 πολεμίαν
866 3557 1057 3645 Ἀγαθοκλῆς
1081 3558 1286 3647 παρωξύνθη
1309 3558 1347 3626 τό
1370 3584 1480 3646 παρα-

307 3669 445 3736 πλόσισν
472 3674 618 3757 ποιησαι.

414 3780 485 3845 Ind.
519 3799 583 3844 eor.
616 3780 740 3862 legitur
789 3779 876 3846 XIII
890 3783 993 3858 έθ,3;
1018 3783 1105 3860 τρεῖς
1127 3778 1206 3847 ναῦς
1229 3768 1400 3840 α’πέσπασε
1424 3779 1480 3840 καί

306 3882 365 3960 την
389 3879 467 3970 ὅλην
490 3885 663 3966 Σαλαμῖνα
693 3886 887 3970 κατέδραμε,
913 3888 965 3968 54,
982 3888 1022 3947 4:
1049 3878 1105 3954 τὰς
1128 3887 1330 3967 Λιπαραίων
1364 3880 1478 3959 νησονς

306 3994 522 4076 κατέδραμον,
540 3994 620 4060 XVI
636 4000 688 4080 39,
707 4000 741 4058 i:
765 3994 970 4076 κατέδραμον
991 3988 1052 4077 τὴν
1074 3988 1184 4075 χιόραν
1216 3985 1332 4074 αὐτῶν,
1361 3993 1477 4058 XVIII

308 4107 410 4176 38,2:
434 4098 495 4184 τήν
522 4121 555 4164 τε
578 4097 686 4183 χώραν
721 4102 926 4182 κατέδραμον
960 4101 1017 4161 καί
1049 4121 1123 4162 τινα
1158 4102 1222 4160 τῶν
1254 4099 1480 4179 πολισματίων

306 4193 406 4282 εἷλον,
443 4216 528 4289 pari,
564 4209 613 4273 XI
627 4215 679 4291 88,
696 4215 731 4274 2:
767 4201 828 4278 τὴν
863 4203 970 4289 χώραν
1002 4200 1224 4288 καταδραμών
1250 4198 1476 4288 ἐπέπλευσεν,

307 4322 409 4395 86,5;
445 4310 505 4378 τέν
544 4317 732 4399 Τυρρηνίαν
762 4339 789 4378 κ.
819 4306 955 4396 ἐπῆρεν.
985 4313 1064 4376 XVI
1087 4318 1189 4395 36,4;
1214 4311 1478 4396 καταδραμόντες

306 4419 512 4508 ἐπανῆλθον,
540 4422 578 4486 ef.
603 4422 682 4487 XIV
699 4426 771 4500 101,
792 4427 815 4483 1.
840 4421 925 4486 ΧΙΧ
942 4426 992 4496 16,
1008 4423 1035 4483 3.

410 4531 512 4597 Verbi
529 4533 765 4614 προστρέχειν
789 4528 912 4593 nulium
929 4526 1041 4592 notavi
1058 4527 1148 4609 impf.
1167 4537 1224 4594 aut
1241 4547 1347 4610 prees,
1372 4546 1480 4595 exem·-
