3306 5050
762 443 981 500 -72-

278 630 333 690 καὶ
355 632 572 708 μετατιθέναι
607 623 665 691 τὸν
700 626 850 710 πόλεμον
885 627 931 701 εἰς
954 625 1013 715 τὴν
1043 627 1183 713 ἤπειρον
1206 629 1242 694 ἐκ
1265 634 1320 714 τῆς
1344 623 1453 715 νήσου.

278 736 340 800 Ins.
366 755 474 815 praes,
509 731 665 815 μετάγειν
698 746 732 802 et
766 741 984 815 μετατιθέναι
1009 747 1101 804 certe
1126 742 1167 803 ab
1192 740 1250 804 ini.
1276 758 1344 803 aur.
1369 730 1454 800 άπο-
1513 785 1515 788 .

277 841 390 924 λιπεῖν
414 863 593 922 parumper
618 845 784 927 differunt,
809 865 869 910 nec
894 846 994 910 facile
1019 853 1132 924 potest
1156 847 1319 924 explicari
1344 866 1453 926 causa,

280 970 339 1014 cur
362 951 532 1015 Diodorus
557 952 652 1015 modu
671 972 739 1016 aur.
754 952 849 1017 modu
867 972 975 1030 praes.
994 973 1073 1017 usus
1091 955 1146 1018 sit.
1172 953 1236 1018 Sed
1258 955 1287 1017 si
1313 972 1350 1016 re
1373 972 1453 1018 vera

279 1060 361 1122 haec
398 1058 431 1121 in
468 1059 640 1123 codicibus
676 1061 845 1140 leguntur,
882 1061 940 1124 inf.
970 1080 1040 1124 aor.
1069 1061 1265 1126 retinendus
1290 1069 1351 1135 est,
1377 1060 1455 1138 quia

279 1167 333 1230 hic
373 1167 520 1243 scriptor
559 1166 600 1229 ad
640 1186 733 1231 usum
773 1169 893 1232 acristi
933 1187 964 1233 ν.
1005 1158 1208 1238 α’πολείπειν
1231 1169 1377 1239 ¹marime
1403 1175 1455 1232 est

279 1291 474 1350 propensus.

385 1380 456 1444 Iud.
493 1399 561 1444 a0r.
586 1383 713 1446 *notavi
751 1381 831 1445 XIV
848 1388 948 1463 125:
986 1380 1148 1464 Κλέαρχος
1191 1377 1236 1451 εἰς
1271 1379 1456 1466 Σηλυβρίαν

279 1481 439 1572 μετήγαγε
455 1482 515 1569 τὴν
539 1481 699 1569 δύναμιν,
726 1495 777 1570 78,
793 1495 822 1570 5,
836 1498 923 1567 part.
941 1490 975 1553 H
990 1495 1042 1570 38,
1057 1495 1092 1552 5:
1116 1483 1249 1551 πόλεων
1274 1491 1455 1572 γενηθῆναι

280 1596 409 1676 κτίστην
432 1590 658 1673 μεταγαγόντα
681 1589 738 1665 τοὶς
762 1590 874 1674 κοίμας
898 1591 943 1664 εἰς
966 1589 1040 1665 τούς
1065 1587 1221 1666 εὐθέτους
1237 1591 1368 1677 τόπους,
1394 1597 1453 1660 inf.

279 1703 379 1766 XVII
395 1708 444 1782 18,
459 1709 493 1766 2:
520 1705 712 1781 Μέμνων..
738 1698 953 1783 συνεβούλευε
988 1697 1069 1764 κατὰ
1085 1692 1206 1781 -στόμα
1231 1702 1293 1783 μὲν
1317 1697 1361 1784 μὴ
1385 1703 1454 1764 δια-

280 1804 546 1891 κινδυνεάειν,.,
578 1805 782 1890 διαβιβάζειν
821 1809 856 1872 δὲ
891 1811 947 1871 καί
978 1805 1194 1892 δυνάμεις..,
1219 1805 1356 1878 καὶτὸν
1380 1801 1457 1871 ὅλον

280 1911 432 1995 πόλεμον
456 1912 501 1986 εἰς
524 1912 583 2001 την
618 1908 782 2000 Εὐρώπην
817 1923 1026 2000 μεταγαγεῖν,
1064 1919 1121 1983 ubi
1159 1926 1235 1997 post
1271 1918 1457 1982 infinitivos

281 2044 389 2104 praes,
415 2024 473 2088 inf.
492 2044 561 2088 a0r.
579 2026 727 2104 scripsit,
745 2034 792 2106 ut,
811 2045 895 2104 quae
912 2034 1012 2089 antea
1029 2026 1170 2106 dixerat,
1187 2027 1304 2104 paucis
1328 2025 1455 2089 demum

280 2134 394 2200 verbis
431 2133 721 2210 complecteretur.
778 2135 898 2197 Omnes
934 2135 1020 2197 enim
1057 2132 1126 2214 inf„
1164 2135 1220 2212 qui
1256 2141 1332 2198 ante
1369 2134 1455 2197 hunc

282 2242 469 2321 leguntur2.
486 2235 747 2302 διακινδυνεύειν
767 2275 782 2287 -
801 2237 1111 2323 φθείρειν-εἴργειν
1126 2235 1362 2320 -διαβιβάζειν
1390 2260 1454 2304 uno

280 2354 474 2426 μεταγαγεῖν
510 2349 605 2427 quasi
642 2349 864 2413 continentur.
912 2351 1003 2414 Part.
1038 2357 1149 2413 exstat
1173 2349 1253 2413 XIV
1268 2355 1367 2428 57,6;
1392 2340 1450 2430 την

284 2451 426 2533 δυ’ναμιν
450 2450 644 2539 μεταγαγών
668 2453 713 2526 εἰς
735 2451 796 2541 την
819 2453 919 2519 πόλιν
943 2453 1146 2540 ἐπεχείρησε.

386 2577 494 2662 παρά
503 2608 508 2646 :
546 2584 641 2661 Impf.
679 2585 849 2649 invenitur
883 2583 934 2649 XI
954 2590 983 2665 3,
1003 2589 1037 2647 4:
1080 2566 1126 2643 ὧν
1163 2579 1195 2642 οἱ
1230 2580 1293 2661 μὲν
1329 2578 1455 2642 εἵλοντο

283 2684 485 2772 γνησίωςτλγν
508 2694 704 2774 συμμαχίαν,
731 2688 762 2752 οἱ
786 2690 821 2754 δὲ
844 2695 994 2777 παρῆγον
1017 2682 1071 2772 ἐφ’
1088 2683 1205 2752 ἱκανὸν
1223 2686 1344 2772 χρόνον
1361 2684 1454 2751 άντε-

283 2791 420 2875 χόμενοι
448 2799 503 2880 τῆς
535 2791 615 2866 ἰδίας
638 2793 740 2876 μόνον
758 2791 947 2879 α’σφαλείας.
989 2799 1060 2880 Quo
1079 2799 1153 2868 lucc
1171 2800 1275 2862 miror
1292 2798 1454 2862 nemiuem

284 2907 317 2969 in
352 2905 466 2971 verbis
501 2905 638 2970 traditis
670 2907 856 2971 offendisse.
916 2908 996 2971 Nam
1032 2927 1104 2971 cum
1138 2906 1225 2971 haud
1262 2906 1359 2970 dubie
1400 2904 1455 2969 vel

283 3013 427 3095 ‚murari‘
464 3015 518 3078 vel
544 3023 683 3095 ‚tempus
706 3005 840 3079 'ducere‘
876 3016 930 3081 vel
956 3034 1036 3096 ,rem
1062 3014 1207 3079 differrc‘
1233 3014 1453 3090 desideretur,

285 3123 469 3203 quaeritur,
494 3142 570 3186 num
596 3117 761 3204 παράγειν
786 3124 939 3188 absolute
965 3143 1036 3186 cum
1061 3124 1197 3187 notione
1222 3120 1371 3187 morandi
1390 3121 1456 3185 dici

285 3231 401 3308 possit.
427 3231 499 3294 Hoc
525 3231 675 3308 equidem
700 3249 797 3310 nego.
823 3231 947 3312 Neque,
974 3250 1044 3294 cum
1061 3231 1132 3298 ,huc
1157 3230 1249 3308 nullu
1281 3228 1376 3292 modu
1407 3229 1454 3291 in·

286 3337 426 3418 dicetur,
442 3339 607 3402 obiectum
633 3357 650 3402 e
675 3340 788 3416 priore
813 3341 958 3402 membru
985 3339 1160 3418 enuntiati,
1186 3357 1231 3402 sc.
1250 3335 1383 3399 ἑλέσθαι
1396 3329 1456 3418 τὴν

285 3445 487 3525 συμμαχίαν,
524 3445 645 3509 addere
682 3446 772 3510 licet.
810 3445 913 3526 Quam
950 3448 990 3509 cb
1024 3463 1093 3508 rem
1122 3445 1246 3525 verbis7
1272 3449 1457 3522 quaesunt

286 3554 319 3615 in
355 3560 461 3633 textu,
497 3555 711 3631 acquiescere
747 3572 885 3632 nequeo.
933 3556 1002 3618 Aut
1026 3551 1236 3618 scribendum
1262 3570 1335 3614 esse
1360 3558 1455 3628 putu:

287 3656 316 3720 οἱ
341 3658 376 3720 δὲ
399 3662 549 3743 παρῆγον
586 3652 638 3741 ἐφ’
674 3656 789 3722 ἱκανὸν
823 3656 883 3722 τὸν
918 3656 1040 3737 χρόνον
1075 3667 1216 3741 ‚tempus
1250 3660 1455 3736 aliquantum

287 3767 459 3832 duccbant‘
475 3765 530 3848 (cf.
544 3770 631 3834 Plut.
647 3770 732 3833 Fab:
740 3770 827 3833 Max.
843 3768 875 3851 5)
894 3776 972 3849 ‚aut
991 3768 1078 3847 quud
1096 3768 1196 3832 etiam
1210 3767 1322 3844 piacet
1334 3767 1455 3841 magis:

288 3869 319 3934 οἱ
342 3873 377 3936 δὲ
400 3877 552 3958 παρῆγον
575 3869 635 3958 τἠν
659 3879 784 3959 πρᾶξιν
813 3866 994 3956 ἐφ’ἱκανὸν
1021 3869 1148 3956 χρόνον,
1174 3875 1261 3938 sicut
1289 3872 1457 3937 Diodorus

288 3983 359 4060 ipsc
384 3983 522 4060 scripsit
553 3983 670 4047 XVIII
684 3990 785 4065 65,1;
819 3982 979 4066 φοβηθείς
1015 3977 1229 4063 ἐπηγγείλατο
1257 3978 1322 4057 μὲν
1339 3993 1456 4059 ’παρα-

287 4085 409 4171 δώσειν,
446 4079 498 4151 άεὶ
522 4088 557 4151 δέ
574 4086 755 4170 προφάσεις
771 4085 862 4160 τινάς
882 4085 1087 4169 ποιούμενος,
1098 4089 1227 4172 παρῆγε
1243 4089 1302 4170 τῆν
1324 4088 1456 4169 πρᾶξιν.

287 4197 330 4261 Hi
357 4197 419 4260 duc
445 4199 509 4262 luci
535 4206 711 4276 practerea
736 4218 773 4262 e0
799 4198 925 4262 similes
950 4206 1037 4278 sunt,
1063 4197 1149 4275 quud
1173 4215 1332 4260 curcum
1356 4194 1457 4272 impe,

289 4324 352 4382 quo
377 4324 407 4369 ν.
438 4306 587 4369 morandi
620 4308 792 4383 aptissime
823 4323 1015 4383 expressum
1040 4313 1102 4384 est,
1129 4303 1352 4381 coniungitur.
1401 4305 1457 4365 Se-

289 4413 402 4496 quitur
437 4413 497 4477 iile
521 4414 638 4494 siccus,
675 4414 730 4494 qui
768 4433 808 4480 ex
837 4414 1061 4480 Demosthene
1090 4413 1217 4494 petitus
1242 4418 1303 4491 cst,
1329 4409 1368 4476 de
1394 4427 1457 4490 quc
