3264 5050
793 433 992 513 ..6-

307 637 420 722 putavi
445 659 526 725 esse,
551 643 674 709 13131
699 637 1387 728 13113111111111131311111113113313;
1413 666 1476 730 qua
1512 645 1515 651 ’

306 748 494 816 13131111
526 749 706 816 doctissimi
741 756 838 816 autea
870 752 952 818 satis
977 752 1230 834 disputaverunt
1253 771 1420 835 nuperque
1443 761 1476 820 et

307 855 364 921 alii
400 864 433 921 et
480 857 715 924 Fridericus
752 858 904 940 Blass1)
951 878 989 924 ao
1036 843 1477 941 praecipue'Fridericus

306 962 529 1049 Hultsch2).
578 964 670 1046 Quae
695 967 748 1032 hic
771 985 842 1032 cum
875 967 1090 1032 elocutionem
1123 969 1252 1050 Polybii
1284 969 1475 1052 respiceret,

307 1071 469 1152 exposuit,
493 1091 533 1138 33
557 1071 598 1139 13
623 1091 722 1139 33133
745 1082 822 1138 3111
847 1074 956 1155 magni
982 1075 1145 1158 momenti,
1170 1077 1256 1156 quod
1289 1095 1395 1142 sermo
1418 1077 1476 1142 Po·

304 1179 458 1261 lybianus
492 1180 590 1245 huius
625 1181 795 1262 scriptoris
831 1183 968 1246 sermoni
1006 1182 1190 1249 simillimus
1225 1188 1284 1249 est.
1331 1183 1402 1265 Qua
1437 1185 1476 1249 de

306 1305 405 1353 causa
429 1287 512 1353 satis
540 1288 639 1353 habui
669 1307 722 1371 ea,
751 1306 834 1370 quae
859 1290 899 1353 ab
929 1288 1003 1354 aliis
1026 1289 1114 1355 dicta
1137 1297 1228 1375 sunt,
1254 1291 1413 1372 exemplis
1436 1309 1475 1356 ex

306 1394 449 1460 Diodoro
472 1397 591 1476 petitis
620 1397 775 1477 probasse
806 1414 844 1460 ac
868 1398 976 1476 potius
999 1398 1060 1462 illa
1085 1399 1272 1465 accuratius
1302 1405 1473 1471 tractasse,

306 1519 389 1584 quae
412 1503 499 1584 apud
528 1503 613 1568 hunc
645 1505 838 1584 scriptorem
869 1503 1052 1584 singularia
1079 1512 1113 1569 et
1145 1524 1165 1569 a
1188 1506 1323 1588 reliquis
1347 1507 1475 1572 diversa

305 1610 525 1676 inveniuntur.
574 1609 645 1691 Qua
676 1613 711 1676 in
744 1611 934 1692 quaestione
958 1611 1131 1692 plurimum
1156 1615 1269 1678 oberat
1293 1612 1378 1677 mala
1403 1630 1475 1677 con·

306 1717 391 1783 dicio
417 1717 574 1783 librorum
600 1717 744 1800 Diodori,
771 1719 881 1799 quiin
907 1719 1073 1785 codicibus
1097 1727 1129 1783 31
1153 1718 1259 1784 mutili
1285 1723 1418 1783 exstant
1441 1722 1475 1782 31

304 1824 484 1890 innumeris
521 1830 650 1890 scatent
686 1826 891 1906 corruptelis.
954 1827 1028 1891 Huc
1062 1830 1171 1890 autern
1209 1824 1352 1905 accedit,
1390 1825 1473 1904 quod

252 1988 256 2002 .
304 1933 395 1998 nulla
418 1937 551 2012 praesto
575 1939 626 1997 est
650 1933 811 2015 recensio,
837 1951 920 2013 quae
943 1935 1004 1998 hac
1028 1938 1135 2015 aetate
1160 1931 1319 2015 sufficiat,
1346 1911 1394 1998 ex*
1411 1951 1475 2012 qua

304 2040 391 2104 clare
415 2058 453 2104 33
477 2039 647 2115 113111313,
672 2057 755 2120 quae
780 2041 882 2108 verba
907 2041 942 2105 in
966 2040 1060 2106 libris
1084 2057 1223 2105 manuss.
1247 2040 1415 2121 legantur,
1441 2044 1474 2104 31

305 2147 434 2212 omnino
465 2147 610 2211 codicum
639 2147 782 2228 ipsorum
815 2153 965 2212 naturam
998 2164 1193 2228 cognoscere
1225 2147 1339 2226 possis.
1391 2147 1472 2211 Nam

304 2253 483 2320 novissima
517 2253 680 2335 recensio,
727 2272 821 2334 quam
869 2252 1101 2319 Fridericus
1135 2253 1264 2334 Vogel
1300 2253 1334 2318 in
1369 2253 1473 2318 lucem

304 2361 442 2444 edidis)
479 2358 628 2446 [Diodori
663 2361 749 2426 Bibl.
778 2361 1054 2427 Histonium.
1082 2360 1183 2441 Vogel
1209 2360 1342 2441 Lipsiae
1365 2362 1432 2428 vol.
1458 2361 1473 2424 l

307 2467 450 2534 188811
478 2463 574 2553 1890]
611 2468 753 2533 nondum
788 2469 830 2533 ad
866 2468 961 2533 finem
999 2467 1155 2548 perducta
1185 2473 1245 2533 est.
1295 2465 1399 2549 Quam
1434 2468 1472 2532 ob

303 2594 372 2641 rem
397 2578 431 2643 in
456 2581 550 2640 textu
574 2576 775 2641 emendando
801 2581 836 2640 et
859 2575 960 2642 certis
983 2575 1111 2655 legibus
1137 2574 1376 2640 constituendis
1397 2593 1470 2639 cau·

303 2682 428 2749 tissime
452 2682 514 2765 egi.
1118 2747 1120 2758 ,

408 2793 565 2858 Attamen
588 2786 744 2856 nonnulla
769 2789 887 2855 afferre
910 2789 997 2870 licet,
1023 2807 1107 2870 quae
1132 2787 1314 2870 singularia
1338 2793 1414 2853 sunt
1438 2794 1471 2851 et

304 2898 413 2981 digna,
450 2915 534 2977 quae
569 2902 866 2963 commemorentur.
913 2895 1002 2978 Quas
1035 2914 1088 2960 res
1113 2896 1225 2977 paucis
1248 2897 1308 2960 hoc
1331 2895 1400 2959 loco
1424 2896 1471 2960 in·
1559 2906 1561 2910 ·

305 3006 415 3071 113313
439 3007 523 3072 1313.
563 3005 640 3071 Cum
667 3004 752 3070 enim
777 3023 836 3084 per
860 3023 894 3070 se
918 3009 1042 3085 pateat,
1068 3003 1238 3084 scriptoris
1262 3003 1367 3085 ipsios
1388 3003 1472 3083 cogi-

303 3115 429 3179 tatione
453 3112 551 3193 311131,
577 3119 685 3179 utrum
710 3111 867 3178 aoristum
893 3131 933 3177 an
958 3109 1186 3192 imperfectum
1218 3120 1334 3193 ponat,
1359 3109 1470 3174 mirari

304 3239 368 3288 non
400 3221 565 3302 debemus,
591 3220 646 3285 ubi
669 3219 828 3284 aoristum
853 3226 1094 3300 exspectamus,
1120 3238 1140 3282 a
1164 3217 1324 3298 scriptore
1355 3217 1472 3296 imper·

304 3326 424 3394 fectum
464 3327 626 3392 interdum
673 3326 829 3392 adhiberi.
884 3325 947 3392 Sed
988 3328 1037 3392 uti
1078 3325 1298 3404 unnsquisque
1333 3323 1473 3403 scriptor

303 3435 514 3502 elocutionem
557 3434 621 3500 sibi
656 3434 752 3516 fingit
796 3451 835 3498 ex
870 3452 928 3498 suo
964 3432 1068 3514 ipsius
1103 3431 1247 3514 ingenio,
1272 3431 1319 3496 sic
1342 3431 1473 3511 legibus

303 3550 337 3608 et
360 3543 485 3622 regulis
511 3560 530 3607 a
554 3560 589 3609 se
614 3541 802 3608 constitutis
827 3542 987 3623 paulatim
1011 3541 1102 3620 quasi
1127 3539 1277 3606 11131111.
1323 3539 1393 3622 Quo
1424 3538 1471 3620 fit,

303 3656 339 3714 11
364 3649 520 3729 quaedam
545 3648 644 3714 verba
668 3648 897 3730 inveniantur,
930 3665 1065 3728 quorum
1091 3659 1148 3712 ant
1173 3664 1301 3727 semper
1325 3652 1383 3711 aut
1407 3647 1473 3724 ple·

302 3774 438 3837 rumque
473 3775 492 3820 a
527 3756 689 3838 scriptore
732 3755 874 3821 33113113
916 3761 974 3821 311
1015 3753 1243 3835 imperfectum
1284 3759 1472 3832 usurpatur.

303 3861 375 3944 Qua
399 3864 433 3928 in
457 3883 493 3930 re
518 3863 599 3930 111111
624 3865 785 3929 3311311.
820 3861 1032 3928 Notissimum
1058 3861 1143 3928 enim
1168 3867 1233 3946 est,
1264 3866 1301 3925 ut
1326 3859 1472 3939 exemplo

409 4075 437 4144 l)
456 4076 485 4129 F.
505 4075 599 4129 Blasse
619 4074 755 4130 Demosth.
775 4074 850 4128 Stud.
869 4074 913 4128 III
930 4073 1026 4128 Rhein.
1055 4074 1122 4128 llus.
1145 4073 1210 4127 XIV
1228 4075 1321 4141 (1889)
1336 4089 1360 4141 p.
1368 4075 1422 4126 410
1437 4086 1471 4125 33.

409 4165 437 4231 2)
457 4165 486 4217 F.
506 4163 1144 4232 Η1113311111111,13111311311131Ρ31111113.
1182 4161 1315 4217 Abhandl.
1335 4162 1360 4216 d.
1381 4161 1471 4216 Sdohs.

303 4255 365 4308 Ges.
385 4254 411 4308 d.
430 4253 474 4309 W.
484 4254 553 4307 XIII
571 4254 665 4323 11891)
684 4254 698 4307 I
717 4259 745 4307 31
763 4253 802 4307 Ν
821 4253 923 4321 (1892),
943 4253 1072 4322 imprimis
1090 4253 1173 4306 1533.

409 4344 437 4412 3)
457 4343 530 4397 Haeo
556 4350 598 4397 331
624 4343 739 4409 collatio,
765 4357 844 4410 qnam
869 4342 1020 4397 Richardns
1048 4343 1201 4410 Bergmann
1226 4342 1291 4395 facit
1325 4341 1358 4395 cf.
1385 4341 1472 4408 Vogel

302 4433 386 4502 praei.
405 4433 428 4487 Ι.
