3306 5050
744 406 965 504 442-

370 638 446 701 Aor.
479 635 543 701 uisi
576 635 681 717 fallor,
716 635 798 702 satis
830 654 905 702 raro
937 635 1113 703 iuvenitur.
1166 635 1245 717 Legi
1278 635 1342 701 ind.
1373 655 1442 704 aor.

265 744 367 809 XVII
386 749 438 824 98,
454 749 488 806 5:
513 745 632 820 ταχέως
655 738 758 826 ἐπέβη
781 745 827 827 τῷ
849 745 962 826 τείχει,
994 743 1035 809 δε
1059 762 1122 823 σου
1148 743 1216 809 loco
1241 761 1341 824 supra
1364 762 1391 808 s.
1412 762 1440 807 v.

265 852 546 932 προσαναβαίνειν
559 849 711 934 dimetiri,
731 856 812 934 part.
829 849 914 915 XIII
929 855 979 934 16,
998 857 1028 914 l:
1054 844 1271 931 ἐπιβάντες.Ι
1288 841 1442 929 ἐπελαμ-

265 955 418 1040 βάνοντο,
442 958 542 1024 XVII
560 965 683 1041 100,οῑ
717 962 866 1046 ῥιφέντος
898 954 956 1021 ἐπὶ
980 952 1041 1031 τὴν
1064 959 1124 1040 γῆν
1147 953 1265 1038 ἐπιβάς
1295 954 1350 1020 ἐπὶ
1382 954 1441 1021 τὸν

265 1059 427 1150 τράχηλον
456 1068 501 1149 τῷ
529 1065 608 1128 ποδί
636 1066 691 1128 καί
719 1059 778 1128 τδν
810 1061 959 1150 ῥόπαλον
991 1058 1249 1144 άνατεινάμευος
1272 1058 1436 1148 ἀνέβλεψε

265 1167 346 1256 πρὸς
381 1166 456 1243 τούς
490 1175 688 1255 θεωμένους,
725 1172 792 1238 XII
811 1180 862 1252 62,
879 1179 912 1237 3:
949 1165 1066 1252 ἐπιβάς
1101 1169 1159 1235 ἐπὶ
1192 1166 1252 1255 τὴν
1279 1174 1334 1254 τῆς
1362 1165 1441 1242 νεῶς

265 1274 456 1363 ἐπιβάθραν
480 1275 618 1364 ἠμνοτύ.
802 1278 804 1284 ’

369 1384 454 1450 κατά
462 1410 470 1450 :
499 1386 592 1468 Impf.
623 1389 745 1468 legitur
780 1388 870 1453 XIII
883 1393 913 1462 3,
932 1393 965 1451 l:
996 1388 1051 1453 ubi
1081 1387 1198 1453 ductum
1222 1386 1380 1452 introitus
1403 1387 1439 1452 iu

263 1497 377 1560 urbem
414 1494 629 1560 describitur:
665 1496 704 1580 τῇ
740 1486 927 1578 δ’ὑστεραίρ
963 1497 1156 1574 κατέβαινον
1192 1490 1222 1555 σί
1266 1494 1439 1576 στρατηγοὶ

264 1595 435 1680 μετὰτῶν
457 1602 661 1684 στρατιωτῶν
692 1596 738 1672 είς
767 1596 823 1664 τὸν
852 1603 995 1686 Πειραιᾶ
1023 1602 1079 1664 καὶ
1107 1596 1344 1686 συνηκολούθει
1374 1604 1441 1670 πᾶς

264 1702 281 1770 δ
306 1705 408 1788 ὄχλος,
432 1708 513 1774 XIV
527 1715 580 1791 81,
595 1715 630 1773 6:
656 1704 770 1771 Κόνων
788 1705 1007 1791 Φαρνάβαζον
1023 1703 1175 1788 ἐλόμενος
1190 1701 1249 1771 τὸν
1265 1701 1440 1792 σατράπην

263 1819 455 1898 κατέβαινεν·
490 1813 536 1886 εἰς
569 1812 628 1902 την
668 1812 841 1880 θάλατταν
884 1808 1019 1880 ἅπαντα
1064 1811 1225 1901 διηικηκῶς
1259 1805 1343 1878 κατά
1378 1809 1439 1898 τὴν

262 1923 380 1986 ἑαυτοῦ
418 1919 583 2007 διάνοιαν,
634 1926 688 1990 uni
725 1925 842 1990 iterum
879 1924 1107 2007 cognoscitur,
1148 1923 1226 2004 quid
1264 1923 1438 1988 arbitrtum

263 2031 435 2110 scriptoris
460 2032 522 2097 hac
546 2032 578 2096 in
603 2051 639 2097 re
664 2034 787 2100 valeat.
823 2033 904 2097 Nam
922 2031 993 2096 sine
1011 2031 1109 2096 dubio
1126 2030 1272 2096 hocloco
1294 2031 1439 2095 scribere

262 2140 384 2219 potuit:
418 2142 555 2222 κατέβη;
593 2139 649 2205 sed
680 2144 842 2205 actionem
874 2138 1001 2222 cogitat
1033 2146 1069 2205 ut
1106 2145 1358 2219 permanentem.
1386 2137 1435 2203 ef.

263 2252 435 2327 praeterea
459 2246 540 2311 XIV
565 2252 636 2330 102,
657 2252 689 2310 l:
713 2250 777 2309 τῶν
800 2239 959 2330 Ἑλλήνων
981 2241 1161 2330 τηλικούτῳ
1193 2248 1440 2328 περιεχομένων

263 2347 405 2438 κινδύνῳ
444 2356 680 2434 κατέβαβαινσν
723 2350 769 2424 εἰς
810 2348 847 2416 τδ
881 2353 999 2416 πεδίον
1032 2349 1064 2414 οἱ
1095 2348 1253 2435 βάρβαροι
1292 2350 1437 2436 (iamIam

263 2459 531 2544 descendebant),
557 2461 706 2546 xixus,
723 2467 760 2523 7:
785 2462 840 2527 ubi
866 2481 930 2526 σου.
955 2457 1083 2534 ἐξέταξε
1107 2460 1268 2526 actionem
1302 2460 1441 2538 finitam,

262 2566 351 2648 impf.
388 2586 452 2632 nou
490 2567 615 2633 finitam
652 2569 834 2650 significat:
871 2563 985 2652 ἐπειδὴ
1021 2562 1058 2630 τδ
1094 2562 1318 2649 στρατόπεδον
1347 2549 1438 2652 ἧκεν,

262 2666 354 2736 ἅπαν
378 2656 528 2748 ἐξέταξεν
564 2670 610 2745 εἰς
644 2671 755 2757 μάχην
790 2677 846 2738 καὶ
881 2679 1055 2756 κατέβαινε
1089 2679 1345 2753 συντεταγμένος
1379 2670 1439 2736 ἐπὶ

261 2775 336 2851 τούς
360 2780 542 2861 πολεμίους
565 2781 843 2865 καταπληκτικῶς,
869 2783 910 2848 ib.
938 2788 1039 2857 29,7;
1071 2778 1206 2854 ἐκτάξας
1234 2775 1271 2844 τὸ
1299 2777 1437 2864 στρατό-

262 2888 367 2951 πεδον
391 2893 584 2970 κατέβαινεν
615 2886 673 2952 ἐπὶ
696 2885 771 2961 τούς
795 2889 984 2969 πολεμίους.
1030 2890 1169 2956 Animus
1202 2888 1305 2972 Igitur
1335 2889 1438 2968 scrip·

264 2996 355 3081 toris,
395 3016 465 3062 cum
506 2997 706 3080 cogitatione
743 3017 811 3064 rem
851 2998 1027 3080 gerendam
1067 2997 1161 3079 quasi
1201 2996 1355 3072 detineat,
1395 2997 1437 3062 ad

264 3102 491 3184 imperfectum
515 3104 660 3170 inclinat.

369 3228 431 3294 Inf.
467 3230 589 3310 legitur
624 3229 704 3295 XIV
720 3236 823 3313 33‚n:
861 3233 1043 3311 κατέφυγον
1079 3223 1118 3290 ού
1148 3225 1343 3309 τολμώντων
1371 3231 1435 3290 τῶν

262 3331 414 3416 φυγάδων
437 3339 658 3420 καταβαίνειν,
671 3336 770 3403 XVII
788 3342 840 3419 30,
860 3343 893 3401 7:
919 3328 1017 3406 αύτδς
1042 3328 1245 3421 ἠναγκάζετο
1276 3339 1434 3417 καταβαί-

262 3463 332 3506 νειν
359 3441 405 3514 εἰς
428 3437 486 3506 τὸν
511 3438 596 3525 ὑπὲρ
622 3447 676 3529 τῆς
705 3443 873 3525 βασιλείας
899 3444 1063 3527 κίνδυνον,
1088 3444 1172 3509 XIX
1189 3450 1261 3524 100,
1279 3449 1315 3508 4:
1348 3462 1435 3506 συνε-

262 3555 396 3615 τέτακτο
417 3545 536 3634 δάύτῶ
560 3557 658 3635 μέχρι
671 3552 866 3634 Βαβυλῶνος
882 3549 1044 3638 άναβηναι
1069 3554 1124 3615 καί
1147 3556 1206 3638 την
1229 3555 1436 3634 σατραπείαν

261 3653 533 3742 ἀνακτησάμενον
562 3662 771 3741 καταβοίνειν
801 3655 967 3740 συντόμως
996 3656 1054 3722 ἐπὶ
1087 3655 1267 3727 θάλατταν.
1325 3661 1435 3740 Neque

263 3768 322 3831 hoc
354 3766 468 3832 uitirno
505 3768 575 3833 loco
611 3774 663 3833 est
698 3787 816 3849 causa,
852 3787 910 3832 cur
952 3767 1160 3832 offendamus.
1219 3769 1316 3833 Certe
1352 3768 1434 3833 mire

263 3873 419 3940 videntur
442 3874 499 3939 int.
524 3893 590 3940 σου.
615 3881 649 3940 ct
673 3893 776 3957 praes.
802 3874 967 3941 coniuncti
992 3892 1084 3954 esse,
1110 3874 1167 3940 sed
1198 3874 1320 3956 optimo
1353 3874 1433 3940 iure.

262 3980 360 4045 Prius
393 3981 479 4047 enim
512 3990 622 4046 cortus
655 3984 746 4047 Iocus
768 3982 945 4060 indicatur,
970 3981 1004 4048 iu
1029 4000 1123 4061 quem
1147 3983 1214 4047 iter
1238 3977 1445 4047 couversum'

262 4096 328 4152 est:
352 4091 448 4170 μέχρι
472 4087 667 4169 Βαβυλῶνος
698 4080 868 4173 άναβηναι,
901 4096 969 4154 tum
1002 4089 1105 4152 solum
1137 4089 1246 4171 regin,
1272 4088 1313 4153 ad
1338 4108 1430 4168 quam

263 4211 378 4259 versos
401 4195 466 4261 iter
490 4195 673 4261 faciendum
699 4204 759 4279 est,
785 4206 858 4278 aut,
884 4207 921 4260 ut
945 4196 1022 4260 aliis
1045 4196 1159 4262 verbis
1184 4197 1305 4277 dicam,
1332 4198 1431 4278 priori

263 4302 310 4366 rei
335 4302 408 4365 finis
432 4303 619 4383 imponitur,
646 4302 806 4382 posterior
823 4321 885 4367 non
902 4302 995 4367 finite
1013 4311 1082 4367 est:
1108 4307 1321 4366 συνετέτακτο
1338 4324 1433 4365 κατα-

261 4411 387 4487 βαίνειν
411 4407 468 4471 ἐπὶ
493 4406 663 4472 θάλατταν
688 4410 808 4492 ,iussus
833 4417 907 4476 erat
930 4410 1103 4490 procedere
1126 4410 1168 4476 ad
1192 4409 1433 4477 mareversus.‘
