<?xml version="1.0" encoding="UTF-8"?>
<!DOCTYPE html PUBLIC "-//W3C//DTD XHTML 1.0 Transitional//EN"
    "http://www.w3.org/TR/xhtml1/DTD/xhtml1-transitional.dtd">
<html xmlns="http://www.w3.org/1999/xhtml" xml:lang="en" lang="en">
 <head>
  <title>
</title>
<meta http-equiv="Content-Type" content="text/html;charset=utf-8" />
  <meta name='ocr-system' content='tesseract 3.04.00' />
  <meta name='ocr-capabilities' content='ocr_page ocr_carea ocr_par ocr_line ocrx_word'/>
</head>
<body>
  <div class='ocr_page' id='page_1' title='image "./deelocutionedio00hultgoog_0059.png"; bbox 0 0 3306 5050; ppageno 0'>
   <div class='ocr_carea' id='block_1_1' title="bbox 768 437 990 497">
    <p class='ocr_par' dir='ltr' id='par_1_1' title="bbox 768 437 990 497">
     <span class='ocr_line' id='line_1_1' title="bbox 768 437 990 497; baseline -0.009 -17"><span class='ocrx_word' id='word_1_1' title='bbox 768 437 990 497; x_wconf 73' lang='lat'>..56-</span> 
     </span>
    </p>
   </div>
   <div class='ocr_carea' id='block_1_2' title="bbox 289 624 1467 3076">
    <p class='ocr_par' dir='ltr' id='par_1_2' title="bbox 291 624 1467 930">
     <span class='ocr_line' id='line_1_2' title="bbox 292 624 1467 716; baseline -0.005 -19"><span class='ocrx_word' id='word_1_2' title='bbox 292 633 432 716; x_wconf 81' lang='lat' dir='ltr'><strong>positum</strong></span> <span class='ocrx_word' id='word_1_3' title='bbox 464 631 518 696; x_wconf 84' lang='lat' dir='ltr'><strong>sit.</strong></span> <span class='ocrx_word' id='word_1_4' title='bbox 566 630 728 710; x_wconf 82' lang='lat' dir='ltr'><strong>Exempla</strong></span> <span class='ocrx_word' id='word_1_5' title='bbox 756 629 913 696; x_wconf 81' lang='lat' dir='ltr'><strong>infinitivi</strong></span> <span class='ocrx_word' id='word_1_6' title='bbox 945 629 1158 695; x_wconf 79' lang='lat' dir='ltr'><strong>inveniuntur</strong></span> <span class='ocrx_word' id='word_1_7' title='bbox 1186 631 1356 703; x_wconf 75' lang='lat' dir='ltr'>XI&#39;48‚7:</span> <span class='ocrx_word' id='word_1_8' title='bbox 1381 624 1467 712; x_wconf 83' lang='grc' dir='ltr'><em>πρὸς</em></span> 
     </span>
     <span class='ocr_line' id='line_1_3' title="bbox 291 730 1466 820; baseline 0.001 -19"><span class='ocrx_word' id='word_1_9' title='bbox 291 733 349 802; x_wconf 79' lang='grc' dir='ltr'><em>τὸν</em></span> <span class='ocrx_word' id='word_1_10' title='bbox 373 741 502 818; x_wconf 77' lang='grc' dir='ltr'><em>πατέρα</em></span> <span class='ocrx_word' id='word_1_11' title='bbox 537 730 744 818; x_wconf 88' lang='grc' dir='ltr'><em>πορεύεσθαι</em></span> <span class='ocrx_word' id='word_1_12' title='bbox 777 736 831 798; x_wconf 82' lang='grc' dir='ltr'><em>καί</em></span> <span class='ocrx_word' id='word_1_13' title='bbox 866 743 1059 818; x_wconf 81' lang='grc' dir='ltr'><em>κατηγορεῖν</em></span> <span class='ocrx_word' id='word_1_14' title='bbox 1095 731 1354 820; x_wconf 79' lang='grc' dir='ltr'><em>α’πεδοκίμαζον,</em></span> <span class='ocrx_word' id='word_1_15' title='bbox 1380 737 1466 802; x_wconf 92' lang='lat' dir='ltr'>XIII</span> 
     </span>
     <span class='ocr_line' id='line_1_4' title="bbox 295 844 626 930; baseline -0.012 -20"><span class='ocrx_word' id='word_1_16' title='bbox 295 853 367 930; x_wconf 80' lang='lat'>109,</span> <span class='ocrx_word' id='word_1_17' title='bbox 381 857 413 910; x_wconf 88' lang='lat'><em>4.</em></span> <span class='ocrx_word' id='word_1_18' title='bbox 437 844 519 910; x_wconf 88' lang='lat' dir='ltr'><em>XIV</em></span> <span class='ocrx_word' id='word_1_19' title='bbox 532 850 584 925; x_wconf 77' lang='lat'><em>26,</em></span> <span class='ocrx_word' id='word_1_20' title='bbox 600 850 626 907; x_wconf 85' lang='lat'><em>3.</em></span> 
     </span>
    </p>

    <p class='ocr_par' dir='ltr' id='par_1_3' title="bbox 289 941 1466 2536">
     <span class='ocr_line' id='line_1_5' title="bbox 399 941 1466 1032; baseline -0.007 -14"><span class='ocrx_word' id='word_1_21' title='bbox 399 953 473 1018; x_wconf 87' lang='lat' dir='ltr'>Ind.</span> <span class='ocrx_word' id='word_1_22' title='bbox 498 969 563 1015; x_wconf 86' lang='lat' dir='ltr'><strong>aer.</strong></span> <span class='ocrx_word' id='word_1_23' title='bbox 588 951 777 1031; x_wconf 84' lang='lat' dir='ltr'><strong>saepissime</strong></span> <span class='ocrx_word' id='word_1_24' title='bbox 800 951 973 1030; x_wconf 77' lang='lat' dir='ltr'><strong>reperitur,</strong></span> <span class='ocrx_word' id='word_1_25' title='bbox 988 952 1083 1016; x_wconf 84' lang='lat' dir='ltr'><strong>velut</strong></span> <span class='ocrx_word' id='word_1_26' title='bbox 1098 951 1150 1015; x_wconf 89' lang='lat' dir='ltr'><em>XI</em></span> <span class='ocrx_word' id='word_1_27' title='bbox 1165 957 1216 1025; x_wconf 79' lang='lat'><em>29,</em></span> <span class='ocrx_word' id='word_1_28' title='bbox 1230 957 1266 1014; x_wconf 86' lang='lat'><em>4:</em></span> <span class='ocrx_word' id='word_1_29' title='bbox 1290 946 1348 1012; x_wconf 82' lang='grc' dir='ltr'><em>τὸν</em></span> <span class='ocrx_word' id='word_1_30' title='bbox 1365 941 1466 1032; x_wconf 80' lang='grc' dir='ltr'><em>ὅρκον</em></span> 
     </span>
     <span class='ocr_line' id='line_1_6' title="bbox 291 1050 1466 1142; baseline -0.003 -19"><span class='ocrx_word' id='word_1_31' title='bbox 291 1051 470 1140; x_wconf 80' lang='grc' dir='ltr'><em>σ’μύσαντες</em></span> <span class='ocrx_word' id='word_1_32' title='bbox 493 1052 725 1141; x_wconf 88' lang='grc' dir='ltr'><em>ἐπορεύθησαν</em></span> <span class='ocrx_word' id='word_1_33' title='bbox 749 1054 808 1120; x_wconf 85' lang='grc' dir='ltr'><em>ἐπὶ</em></span> <span class='ocrx_word' id='word_1_34' title='bbox 823 1050 881 1142; x_wconf 80' lang='grc' dir='ltr'><em>τὴν</em></span> <span class='ocrx_word' id='word_1_35' title='bbox 894 1059 1068 1139; x_wconf 75' lang='grc' dir='ltr'><em>Βοιωτίαν,</em></span> <span class='ocrx_word' id='word_1_36' title='bbox 1085 1058 1165 1122; x_wconf 88' lang='lat' dir='ltr'><em>XIV</em></span> <span class='ocrx_word' id='word_1_37' title='bbox 1180 1065 1231 1138; x_wconf 83' lang='grc'><em>20,</em></span> <span class='ocrx_word' id='word_1_38' title='bbox 1247 1065 1278 1122; x_wconf 83' lang='lat'><em>3:</em></span> <span class='ocrx_word' id='word_1_39' title='bbox 1292 1053 1466 1140; x_wconf 72' lang='grc' dir='ltr'><em>ἐπορεύθη</em></span> 
     </span>
     <span class='ocr_line' id='line_1_7' title="bbox 291 1157 1465 1250; baseline -0.003 -20"><span class='ocrx_word' id='word_1_40' title='bbox 291 1159 375 1250; x_wconf 76' lang='grc' dir='ltr'><em>πρὸς</em></span> <span class='ocrx_word' id='word_1_41' title='bbox 400 1157 509 1241; x_wconf 85' lang='grc' dir='ltr'><em>αύτὸν,</em></span> <span class='ocrx_word' id='word_1_42' title='bbox 535 1171 587 1247; x_wconf 86' lang='grc'><em>30,</em></span> <span class='ocrx_word' id='word_1_43' title='bbox 603 1172 636 1229; x_wconf 84' lang='lat'><em>3:</em></span> <span class='ocrx_word' id='word_1_44' title='bbox 662 1160 707 1234; x_wconf 82' lang='grc' dir='ltr'><em>εἰς</em></span> <span class='ocrx_word' id='word_1_45' title='bbox 723 1167 971 1247; x_wconf 81' lang='grc' dir='ltr'><em>Τραπεζοῦντα,</em></span> <span class='ocrx_word' id='word_1_46' title='bbox 998 1171 1099 1248; x_wconf 83' lang='grc'><em>83,4;</em></span> <span class='ocrx_word' id='word_1_47' title='bbox 1122 1160 1181 1236; x_wconf 63' lang='grc' dir='ltr'><em>τὴν</em></span> <span class='ocrx_word' id='word_1_48' title='bbox 1205 1166 1344 1247; x_wconf 77' lang='grc' dir='ltr'><em>πορείαν</em></span> <span class='ocrx_word' id='word_1_49' title='bbox 1368 1162 1465 1227; x_wconf 87' lang='grc' dir='ltr'><em>ἐποι-</em></span> 
     </span>
     <span class='ocr_line' id='line_1_8' title="bbox 291 1263 1463 1357; baseline 0 -21"><span class='ocrx_word' id='word_1_50' title='bbox 291 1280 357 1337; x_wconf 82' lang='grc' dir='ltr'><em>εῑτο</em></span> <span class='ocrx_word' id='word_1_51' title='bbox 393 1267 451 1356; x_wconf 76' lang='grc' dir='ltr'><em>τὴν</em></span> <span class='ocrx_word' id='word_1_52' title='bbox 487 1263 588 1355; x_wconf 82' lang='grc' dir='ltr'><em>αύτηυ</em></span> <span class='ocrx_word' id='word_1_53' title='bbox 612 1267 737 1345; x_wconf 80' lang='grc' dir='ltr'><em>διεξιών</em></span> <span class='ocrx_word' id='word_1_54' title='bbox 759 1267 867 1354; x_wconf 77' lang='grc' dir='ltr'><em>χώραν</em></span> <span class='ocrx_word' id='word_1_55' title='bbox 883 1264 923 1356; x_wconf 77' lang='grc' dir='ltr'><em>ἣν</em></span> <span class='ocrx_word' id='word_1_56' title='bbox 947 1272 1003 1332; x_wconf 81' lang='grc' dir='ltr'><em>καὶ</em></span> <span class='ocrx_word' id='word_1_57' title='bbox 1018 1269 1136 1355; x_wconf 81' lang='grc' dir='ltr'><em>Ξέρξης</em></span> <span class='ocrx_word' id='word_1_58' title='bbox 1152 1267 1333 1357; x_wconf 84' lang='grc' dir='ltr'><em>ἐπορεύθη,</em></span> <span class='ocrx_word' id='word_1_59' title='bbox 1358 1279 1463 1356; x_wconf 82' lang='grc'><em>101,3.</em></span> 
     </span>
     <span class='ocr_line' id='line_1_9' title="bbox 290 1377 1464 1463; baseline -0.003 -17"><span class='ocrx_word' id='word_1_60' title='bbox 290 1381 376 1446; x_wconf 86' lang='lat' dir='ltr'>XIX</span> <span class='ocrx_word' id='word_1_61' title='bbox 389 1387 441 1463; x_wconf 82' lang='lat'><em>95,</em></span> <span class='ocrx_word' id='word_1_62' title='bbox 461 1387 484 1444; x_wconf 86' lang='lat' dir='ltr'><em>l.</em></span> <span class='ocrx_word' id='word_1_63' title='bbox 510 1386 614 1460; x_wconf 83' lang='lat'><strong>96,4:</strong></span> <span class='ocrx_word' id='word_1_64' title='bbox 649 1398 711 1445; x_wconf 86' lang='lat' dir='ltr'><em>nee</em></span> <span class='ocrx_word' id='word_1_65' title='bbox 746 1380 852 1444; x_wconf 89' lang='lat' dir='ltr'><strong>miuus</strong></span> <span class='ocrx_word' id='word_1_66' title='bbox 884 1377 1039 1459; x_wconf 84' lang='lat' dir='ltr'><strong>frequens</strong></span> <span class='ocrx_word' id='word_1_67' title='bbox 1075 1388 1158 1459; x_wconf 69' lang='lat' dir='ltr'><strong>paru</strong></span> <span class='ocrx_word' id='word_1_68' title='bbox 1195 1387 1254 1461; x_wconf 74' lang='lat' dir='ltr'><strong>est,</strong></span> <span class='ocrx_word' id='word_1_69' title='bbox 1292 1381 1382 1445; x_wconf 77' lang='lat' dir='ltr'><strong>velun</strong></span> <span class='ocrx_word' id='word_1_70' title='bbox 1412 1379 1464 1445; x_wconf 93' lang='lat' dir='ltr'><em>III</em></span> 
     </span>
     <span class='ocr_line' id='line_1_10' title="bbox 292 1481 1464 1572; baseline -0.003 -22"><span class='ocrx_word' id='word_1_71' title='bbox 292 1494 395 1572; x_wconf 82' lang='lat'>70‚4:</span> <span class='ocrx_word' id='word_1_72' title='bbox 432 1483 557 1566; x_wconf 81' lang='grc' dir='ltr'><em>(Αἰγίδα</em></span> <span class='ocrx_word' id='word_1_73' title='bbox 592 1489 723 1572; x_wconf 89' lang='grc' dir='ltr'><em>θηρίου)</em></span> <span class='ocrx_word' id='word_1_74' title='bbox 759 1481 801 1549; x_wconf 74' lang='grc' dir='ltr'><em>δι’</em></span> <span class='ocrx_word' id='word_1_75' title='bbox 838 1481 1001 1564; x_wconf 74' lang='grc' dir='ltr'><em>Αἰγύπτου</em></span> <span class='ocrx_word' id='word_1_76' title='bbox 1025 1485 1195 1568; x_wconf 81' lang='grc' dir='ltr'><em>πορευθὲν</em></span> <span class='ocrx_word' id='word_1_77' title='bbox 1220 1485 1365 1548; x_wconf 90' lang='grc' dir='ltr'><em>διελθεῖν</em></span> <span class='ocrx_word' id='word_1_78' title='bbox 1388 1482 1464 1557; x_wconf 80' lang='grc' dir='ltr'><em>τούς</em></span> 
     </span>
     <span class='ocr_line' id='line_1_11' title="bbox 289 1578 1462 1681; baseline -0.002 -23"><span class='ocrx_word' id='word_1_79' title='bbox 289 1597 369 1678; x_wconf 74' lang='grc' dir='ltr'><em>περὶ</em></span> <span class='ocrx_word' id='word_1_80' title='bbox 402 1589 462 1681; x_wconf 80' lang='grc' dir='ltr'><em>τὴν</em></span> <span class='ocrx_word' id='word_1_81' title='bbox 496 1593 640 1677; x_wconf 79' lang='grc' dir='ltr'><em>ἑσπέραν</em></span> <span class='ocrx_word' id='word_1_82' title='bbox 674 1591 805 1679; x_wconf 87' lang='grc' dir='ltr'><em>τύπους,</em></span> <span class='ocrx_word' id='word_1_83' title='bbox 843 1596 889 1660; x_wconf 92' lang='lat' dir='ltr'>IV</span> <span class='ocrx_word' id='word_1_84' title='bbox 904 1602 955 1670; x_wconf 74' lang='lat'><em>25,</em></span> <span class='ocrx_word' id='word_1_85' title='bbox 973 1601 1005 1660; x_wconf 94' lang='lat' dir='ltr'>I:</span> <span class='ocrx_word' id='word_1_86' title='bbox 1043 1590 1079 1668; x_wconf 79' lang='grc' dir='ltr'><em>ἐξ</em></span> <span class='ocrx_word' id='word_1_87' title='bbox 1112 1578 1148 1680; x_wconf 78' lang='grc' dir='ltr'><em>ἦς</em></span> <span class='ocrx_word' id='word_1_88' title='bbox 1184 1592 1253 1679; x_wconf 79' lang='grc' dir='ltr'><em>(τῆς</em></span> <span class='ocrx_word' id='word_1_89' title='bbox 1288 1585 1462 1679; x_wconf 83' lang='grc' dir='ltr'><em>Ἠπείρου)</em></span> 
     </span>
     <span class='ocr_line' id='line_1_12' title="bbox 291 1695 1462 1786; baseline -0.001 -22"><span class='ocrx_word' id='word_1_90' title='bbox 291 1703 470 1784; x_wconf 88' lang='grc' dir='ltr'><em>πορευθεὶς</em></span> <span class='ocrx_word' id='word_1_91' title='bbox 503 1699 548 1772; x_wconf 81' lang='grc' dir='ltr'><em>εἰς</em></span> <span class='ocrx_word' id='word_1_92' title='bbox 571 1695 630 1785; x_wconf 87' lang='grc' dir='ltr'><em>τὴν</em></span> <span class='ocrx_word' id='word_1_93' title='bbox 665 1697 922 1786; x_wconf 86' lang='grc' dir='ltr'><em>Πελοπόννησον</em></span> <span class='ocrx_word' id='word_1_94' title='bbox 946 1697 1154 1785; x_wconf 80' lang='grc' dir='ltr'><em>κατήντησεν,</em></span> <span class='ocrx_word' id='word_1_95' title='bbox 1180 1709 1233 1777; x_wconf 84' lang='grc'><em>41,</em></span> <span class='ocrx_word' id='word_1_96' title='bbox 1247 1708 1283 1766; x_wconf 80' lang='lat'><em>7:</em></span> <span class='ocrx_word' id='word_1_97' title='bbox 1308 1723 1462 1783; x_wconf 92' lang='grc' dir='ltr'><em>περαιου-</em></span> 
     </span>
     <span class='ocr_line' id='line_1_13' title="bbox 289 1800 1461 1892; baseline -0.001 -20"><span class='ocrx_word' id='word_1_98' title='bbox 289 1813 397 1889; x_wconf 89' lang='grc' dir='ltr'><em>μένων</em></span> <span class='ocrx_word' id='word_1_99' title='bbox 437 1800 617 1876; x_wconf 78' lang='grc' dir='ltr'><em>δἀύτῶν..</em></span> <span class='ocrx_word' id='word_1_100' title='bbox 657 1803 716 1872; x_wconf 81' lang='grc' dir='ltr'><em>τὸν</em></span> <span class='ocrx_word' id='word_1_101' title='bbox 757 1812 880 1892; x_wconf 80' lang='grc' dir='ltr'><em>Φρίξου</em></span> <span class='ocrx_word' id='word_1_102' title='bbox 919 1806 964 1880; x_wconf 85' lang='grc' dir='ltr'><em>εἰς</em></span> <span class='ocrx_word' id='word_1_103' title='bbox 1002 1804 1059 1872; x_wconf 85' lang='grc' dir='ltr'><em>τὸν</em></span> <span class='ocrx_word' id='word_1_104' title='bbox 1095 1805 1227 1872; x_wconf 86' lang='grc' dir='ltr'><em>Πόντου</em></span> <span class='ocrx_word' id='word_1_105' title='bbox 1249 1813 1461 1892; x_wconf 83' lang='grc' dir='ltr'><em>πορευθέντα</em></span> 
     </span>
     <span class='ocr_line' id='line_1_14' title="bbox 290 1910 1463 2002; baseline 0 -24"><span class='ocrx_word' id='word_1_106' title='bbox 290 1920 496 2000; x_wconf 78' lang='grc' dir='ltr'><em>καταχθῆναι</em></span> <span class='ocrx_word' id='word_1_107' title='bbox 521 1912 605 2000; x_wconf 80' lang='grc' dir='ltr'><em>πρὸς</em></span> <span class='ocrx_word' id='word_1_108' title='bbox 633 1910 693 1999; x_wconf 83' lang='grc' dir='ltr'><em>τὴν</em></span> <span class='ocrx_word' id='word_1_109' title='bbox 723 1916 873 2002; x_wconf 80' lang='grc' dir='ltr'><em>Κολχίδα,</em></span> <span class='ocrx_word' id='word_1_110' title='bbox 898 1919 1013 1998; x_wconf 69' lang='lat' dir='ltr'><strong>isses,</strong></span> <span class='ocrx_word' id='word_1_111' title='bbox 1032 1924 1064 1983; x_wconf 93' lang='lat' dir='ltr'><em>l:</em></span> <span class='ocrx_word' id='word_1_112' title='bbox 1091 1912 1144 1980; x_wconf 77' lang='grc' dir='ltr'><em>διὰ</em></span> <span class='ocrx_word' id='word_1_113' title='bbox 1168 1919 1223 2000; x_wconf 78' lang='grc' dir='ltr'><em>τῆς</em></span> <span class='ocrx_word' id='word_1_114' title='bbox 1249 1917 1394 1986; x_wconf 83' lang='grc' dir='ltr'><em>Φωκίδος</em></span> <span class='ocrx_word' id='word_1_115' title='bbox 1418 1913 1463 1987; x_wconf 85' lang='grc' dir='ltr'><em>εἰς</em></span> 
     </span>
     <span class='ocr_line' id='line_1_15' title="bbox 290 2020 1465 2110; baseline -0.003 -21"><span class='ocrx_word' id='word_1_116' title='bbox 290 2027 506 2089; x_wconf 91' lang='grc' dir='ltr'><em>Μακεδονίαν</em></span> <span class='ocrx_word' id='word_1_117' title='bbox 529 2049 575 2110; x_wconf 90' lang='grc' dir='ltr'><em>π.,</em></span> <span class='ocrx_word' id='word_1_118' title='bbox 605 2032 658 2105; x_wconf 81' lang='lat'><em>45,</em></span> <span class='ocrx_word' id='word_1_119' title='bbox 679 2033 715 2092; x_wconf 87' lang='lat'><em>4:</em></span> <span class='ocrx_word' id='word_1_120' title='bbox 742 2049 780 2088; x_wconf 90' lang='grc' dir='ltr'><em>π.</em></span> <span class='ocrx_word' id='word_1_121' title='bbox 812 2022 871 2088; x_wconf 87' lang='grc' dir='ltr'><em>ἐπὶ</em></span> <span class='ocrx_word' id='word_1_122' title='bbox 908 2028 1075 2108; x_wconf 87' lang='grc' dir='ltr'><em>Ταίναρον</em></span> <span class='ocrx_word' id='word_1_123' title='bbox 1105 2026 1201 2092; x_wconf 86' lang='grc' dir='ltr'><em>καὶ..</em></span> <span class='ocrx_word' id='word_1_124' title='bbox 1240 2020 1465 2104; x_wconf 86' lang='grc' dir='ltr'><em>καθεζόμενος</em></span> 
     </span>
     <span class='ocr_line' id='line_1_16' title="bbox 289 2129 1461 2217; baseline 0.002 -22"><span class='ocrx_word' id='word_1_125' title='bbox 289 2129 515 2216; x_wconf 72' lang='grc' dir='ltr'><em>περιεβάλετο,</em></span> <span class='ocrx_word' id='word_1_126' title='bbox 554 2137 650 2214; x_wconf 83' lang='lat'><strong>91‚3.</strong></span> <span class='ocrx_word' id='word_1_127' title='bbox 684 2132 752 2198; x_wconf 88' lang='lat' dir='ltr'><em>XII</em></span> <span class='ocrx_word' id='word_1_128' title='bbox 772 2139 825 2208; x_wconf 78' lang='grc'><em>37,</em></span> <span class='ocrx_word' id='word_1_129' title='bbox 840 2140 868 2197; x_wconf 91' lang='grc'><em>3.</em></span> <span class='ocrx_word' id='word_1_130' title='bbox 903 2133 989 2198; x_wconf 91' lang='lat' dir='ltr'>XIII</span> <span class='ocrx_word' id='word_1_131' title='bbox 1006 2139 1078 2217; x_wconf 78' lang='lat' dir='ltr'><em>Ius,</em></span> <span class='ocrx_word' id='word_1_132' title='bbox 1094 2141 1121 2197; x_wconf 85' lang='lat'><em>3.</em></span> <span class='ocrx_word' id='word_1_133' title='bbox 1156 2133 1325 2217; x_wconf 82' lang='lat' dir='ltr'>X1v9‚9.</span> <span class='ocrx_word' id='word_1_134' title='bbox 1364 2139 1461 2217; x_wconf 77' lang='lat'>20,2.</span> 
     </span>
     <span class='ocr_line' id='line_1_17' title="bbox 290 2240 1463 2323; baseline 0 -19"><span class='ocrx_word' id='word_1_135' title='bbox 290 2245 342 2322; x_wconf 83' lang='lat'><em>36,</em></span> <span class='ocrx_word' id='word_1_136' title='bbox 359 2247 387 2304; x_wconf 81' lang='lat' dir='ltr'><em>n.</em></span> <span class='ocrx_word' id='word_1_137' title='bbox 423 2245 476 2316; x_wconf 78' lang='lat'><em>36,</em></span> <span class='ocrx_word' id='word_1_138' title='bbox 490 2245 518 2304; x_wconf 90' lang='lat'><em>3.</em></span> <span class='ocrx_word' id='word_1_139' title='bbox 552 2244 649 2321; x_wconf 85' lang='lat' dir='ltr'><strong>si‚4.</strong></span> <span class='ocrx_word' id='word_1_140' title='bbox 686 2246 783 2320; x_wconf 67' lang='lat' dir='ltr'><strong>see.</strong></span> <span class='ocrx_word' id='word_1_141' title='bbox 822 2246 936 2322; x_wconf 66' lang='grc' dir='ltr'><em>ωηο.</em></span> <span class='ocrx_word' id='word_1_142' title='bbox 968 2240 1075 2323; x_wconf 69' lang='lat' dir='ltr'><strong>xie,</strong></span> <span class='ocrx_word' id='word_1_143' title='bbox 1090 2247 1116 2304; x_wconf 86' lang='lat'><em>1.</em></span> <span class='ocrx_word' id='word_1_144' title='bbox 1149 2243 1200 2323; x_wconf 78' lang='lat' dir='ltr'><strong>ee,</strong></span> <span class='ocrx_word' id='word_1_145' title='bbox 1219 2248 1244 2304; x_wconf 87' lang='lat' dir='ltr'>I.</span> <span class='ocrx_word' id='word_1_146' title='bbox 1270 2241 1352 2305; x_wconf 77' lang='lat' dir='ltr'><em>XVI</em></span> <span class='ocrx_word' id='word_1_147' title='bbox 1370 2245 1417 2321; x_wconf 80' lang='grc' dir='ltr'><em>ιο,</em></span> <span class='ocrx_word' id='word_1_148' title='bbox 1433 2245 1463 2304; x_wconf 89' lang='lat'><em>4.</em></span> 
     </span>
     <span class='ocr_line' id='line_1_18' title="bbox 290 2347 1462 2432; baseline 0 -20"><span class='ocrx_word' id='word_1_149' title='bbox 290 2347 458 2426; x_wconf 77' lang='lat' dir='ltr'>XVIIII,</span> <span class='ocrx_word' id='word_1_150' title='bbox 475 2354 500 2412; x_wconf 92' lang='lat' dir='ltr'><em>l.</em></span> <span class='ocrx_word' id='word_1_151' title='bbox 532 2352 585 2430; x_wconf 87' lang='lat'><em>49,</em></span> <span class='ocrx_word' id='word_1_152' title='bbox 601 2355 628 2412; x_wconf 84' lang='lat'><em>6.</em></span> <span class='ocrx_word' id='word_1_153' title='bbox 663 2348 855 2419; x_wconf 63' lang='lat' dir='ltr'><strong>xlxues.</strong></span> <span class='ocrx_word' id='word_1_154' title='bbox 887 2353 980 2431; x_wconf 72' lang='grc'><em>60,3.</em></span> <span class='ocrx_word' id='word_1_155' title='bbox 1017 2353 1069 2428; x_wconf 87' lang='grc'><em>60,</em></span> <span class='ocrx_word' id='word_1_156' title='bbox 1085 2355 1113 2414; x_wconf 91' lang='grc'><em>3.</em></span> <span class='ocrx_word' id='word_1_157' title='bbox 1148 2355 1199 2432; x_wconf 71' lang='lat' dir='ltr'><em>ie,</em></span> <span class='ocrx_word' id='word_1_158' title='bbox 1214 2354 1242 2412; x_wconf 83' lang='lat'><em>5.</em></span> <span class='ocrx_word' id='word_1_159' title='bbox 1288 2347 1462 2426; x_wconf 76' lang='lat' dir='ltr'><strong>Infinitivi,</strong></span> 
     </span>
     <span class='ocr_line' id='line_1_19' title="bbox 291 2453 808 2536; baseline 0.002 -19"><span class='ocrx_word' id='word_1_160' title='bbox 291 2454 351 2518; x_wconf 82' lang='lat' dir='ltr'><strong>nisi</strong></span> <span class='ocrx_word' id='word_1_161' title='bbox 375 2453 484 2529; x_wconf 83' lang='lat' dir='ltr'><strong>fallor,</strong></span> <span class='ocrx_word' id='word_1_162' title='bbox 510 2455 628 2520; x_wconf 80' lang='lat' dir='ltr'><strong>desunt</strong></span> <span class='ocrx_word' id='word_1_163' title='bbox 652 2455 808 2536; x_wconf 83' lang='lat' dir='ltr'><strong>exempla.</strong></span> 
     </span>
    </p>

    <p class='ocr_par' dir='ltr' id='par_1_4' title="bbox 289 2553 1465 3076">
     <span class='ocr_line' id='line_1_20' title="bbox 398 2553 1463 2644; baseline 0.001 -22"><span class='ocrx_word' id='word_1_164' title='bbox 398 2556 467 2624; x_wconf 86' lang='grc' dir='ltr'><em>διαί</em></span> <span class='ocrx_word' id='word_1_165' title='bbox 475 2589 481 2627; x_wconf 92' lang='lat'>:</span> <span class='ocrx_word' id='word_1_166' title='bbox 521 2560 618 2644; x_wconf 86' lang='lat' dir='ltr'>Impf.</span> <span class='ocrx_word' id='word_1_167' title='bbox 643 2563 810 2627; x_wconf 83' lang='lat' dir='ltr'><strong>Invenitur</strong></span> <span class='ocrx_word' id='word_1_168' title='bbox 838 2560 918 2626; x_wconf 92' lang='lat' dir='ltr'>XIV</span> <span class='ocrx_word' id='word_1_169' title='bbox 933 2568 1034 2643; x_wconf 73' lang='lat'>‘27‚4:</span> <span class='ocrx_word' id='word_1_170' title='bbox 1074 2565 1298 2644; x_wconf 79' lang='grc' dir='ltr'><em>Τισσαφέρνης</em></span> <span class='ocrx_word' id='word_1_171' title='bbox 1323 2614 1329 2627; x_wconf 89' lang='grc'><strong>.</strong></span> <span class='ocrx_word' id='word_1_172' title='bbox 1356 2613 1361 2626; x_wconf 90' lang='grc'><strong>.</strong></span> <span class='ocrx_word' id='word_1_173' title='bbox 1391 2553 1463 2623; x_wconf 79' lang='grc' dir='ltr'><em>οἰνέ-</em></span> 
     </span>
     <span class='ocr_line' id='line_1_21' title="bbox 291 2661 1463 2752; baseline 0 -22"><span class='ocrx_word' id='word_1_174' title='bbox 291 2671 412 2744; x_wconf 70' lang='grc' dir='ltr'><em>ζευξεν.</em></span> <span class='ocrx_word' id='word_1_175' title='bbox 448 2665 479 2729; x_wconf 80' lang='grc' dir='ltr'><em>οἱ</em></span> <span class='ocrx_word' id='word_1_176' title='bbox 515 2666 550 2732; x_wconf 80' lang='grc' dir='ltr'><em>δέ</em></span> <span class='ocrx_word' id='word_1_177' title='bbox 578 2661 730 2752; x_wconf 86' lang='grc' dir='ltr'><em>Ἕλληνες</em></span> <span class='ocrx_word' id='word_1_178' title='bbox 754 2663 807 2750; x_wconf 83' lang='grc' dir='ltr'><em>ἐφ’</em></span> <span class='ocrx_word' id='word_1_179' title='bbox 820 2664 905 2732; x_wconf 84' lang='grc' dir='ltr'><em>ἑπτοὶ</em></span> <span class='ocrx_word' id='word_1_180' title='bbox 936 2668 998 2748; x_wconf 80' lang='grc' dir='ltr'><em>μὲν</em></span> <span class='ocrx_word' id='word_1_181' title='bbox 1022 2661 1143 2751; x_wconf 75' lang='grc' dir='ltr'><em>ἡμέρας</em></span> <span class='ocrx_word' id='word_1_182' title='bbox 1165 2663 1398 2751; x_wconf 76' lang='grc' dir='ltr'><em>διεπορεύοντο</em></span> <span class='ocrx_word' id='word_1_183' title='bbox 1423 2662 1463 2730; x_wconf 84' lang='grc' dir='ltr'><em>τὰ</em></span> 
     </span>
     <span class='ocr_line' id='line_1_22' title="bbox 289 2770 1463 2862; baseline 0.002 -24"><span class='ocrx_word' id='word_1_184' title='bbox 289 2777 354 2838; x_wconf 82' lang='grc' dir='ltr'><em>τῶν</em></span> <span class='ocrx_word' id='word_1_185' title='bbox 377 2773 578 2858; x_wconf 84' lang='grc' dir='ltr'><em>Καρδούχων</em></span> <span class='ocrx_word' id='word_1_186' title='bbox 601 2773 661 2862; x_wconf 86' lang='grc' dir='ltr'><em>ὅρη</em></span> <span class='ocrx_word' id='word_1_187' title='bbox 686 2772 792 2840; x_wconf 84' lang='grc' dir='ltr'><em>πολλοὶ</em></span> <span class='ocrx_word' id='word_1_188' title='bbox 817 2770 900 2838; x_wconf 77' lang='grc' dir='ltr'><em>κακοὶ</em></span> <span class='ocrx_word' id='word_1_189' title='bbox 926 2771 1120 2861; x_wconf 83' lang='grc' dir='ltr'><em>πύσχοντις,</em></span> <span class='ocrx_word' id='word_1_190' title='bbox 1146 2777 1230 2841; x_wconf 82' lang='lat' dir='ltr'><strong>Ideni</strong></span> <span class='ocrx_word' id='word_1_191' title='bbox 1245 2783 1295 2860; x_wconf 72' lang='lat'><em>27,</em></span> <span class='ocrx_word' id='word_1_192' title='bbox 1312 2783 1339 2840; x_wconf 86' lang='grc'><em>7.</em></span> <span class='ocrx_word' id='word_1_193' title='bbox 1365 2782 1417 2858; x_wconf 79' lang='grc'><em>23,</em></span> <span class='ocrx_word' id='word_1_194' title='bbox 1436 2783 1463 2840; x_wconf 91' lang='lat' dir='ltr'><em>l.</em></span> 
     </span>
     <span class='ocr_line' id='line_1_23' title="bbox 290 2877 1465 2967; baseline -0.003 -20"><span class='ocrx_word' id='word_1_195' title='bbox 290 2883 379 2947; x_wconf 80' lang='lat' dir='ltr'><strong>Pari.</strong></span> <span class='ocrx_word' id='word_1_196' title='bbox 404 2902 511 2964; x_wconf 80' lang='lat' dir='ltr'><strong>praes,</strong></span> <span class='ocrx_word' id='word_1_197' title='bbox 535 2884 660 2965; x_wconf 75' lang='lat' dir='ltr'><strong>legitur</strong></span> <span class='ocrx_word' id='word_1_198' title='bbox 683 2883 731 2950; x_wconf 91' lang='lat' dir='ltr'>IX</span> <span class='ocrx_word' id='word_1_199' title='bbox 743 2883 784 2950; x_wconf 84' lang='lat' dir='ltr'><em>fr.</em></span> <span class='ocrx_word' id='word_1_200' title='bbox 800 2887 851 2964; x_wconf 81' lang='grc'><em>37,</em></span> <span class='ocrx_word' id='word_1_201' title='bbox 867 2890 903 2948; x_wconf 72' lang='lat'><em>2:</em></span> <span class='ocrx_word' id='word_1_202' title='bbox 928 2878 1210 2967; x_wconf 73' lang='grc' dir='ltr'><em>διαπορευόμενος</em></span> <span class='ocrx_word' id='word_1_203' title='bbox 1233 2904 1316 2945; x_wconf 88' lang='grc' dir='ltr'><em>ποτε</em></span> <span class='ocrx_word' id='word_1_204' title='bbox 1341 2877 1465 2966; x_wconf 70' lang='grc' dir='ltr'><em>διαίτης</em></span> 
     </span>
     <span class='ocr_line' id='line_1_24' title="bbox 291 2984 1465 3076; baseline 0.002 -25"><span class='ocrx_word' id='word_1_205' title='bbox 291 2984 396 3072; x_wconf 78' lang='grc' dir='ltr'><em>χώρας</em></span> <span class='ocrx_word' id='word_1_206' title='bbox 431 2986 624 3076; x_wconf 86' lang='grc' dir='ltr'><em>κατενόησεν</em></span> <span class='ocrx_word' id='word_1_207' title='bbox 661 2989 835 3075; x_wconf 69' lang='grc' dir='ltr'><em>(ναυτίλον</em></span> <span class='ocrx_word' id='word_1_208' title='bbox 867 2990 1001 3070; x_wconf 77' lang='lat' dir='ltr'><strong>feceret,</strong></span> <span class='ocrx_word' id='word_1_209' title='bbox 1027 2992 1059 3055; x_wconf 92' lang='lat' dir='ltr'><em>iu</em></span> <span class='ocrx_word' id='word_1_210' title='bbox 1092 2991 1239 3073; x_wconf 86' lang='lat' dir='ltr'><strong>itinere),</strong></span> <span class='ocrx_word' id='word_1_211' title='bbox 1275 2991 1334 3056; x_wconf 74' lang='grc' dir='ltr'><em>ἰαί.</em></span> <span class='ocrx_word' id='word_1_212' title='bbox 1367 2991 1465 3056; x_wconf 90' lang='lat' dir='ltr'>XVII</span> 
     </span>
    </p>
   </div>
   <div class='ocr_carea' id='block_1_3' title="bbox 194 3093 1463 3183">
    <p class='ocr_par' dir='ltr' id='par_1_5' title="bbox 194 3093 1463 3183">
     <span class='ocr_line' id='line_1_25' title="bbox 194 3093 1463 3183; baseline -0.001 -22"><span class='ocrx_word' id='word_1_213' title='bbox 194 3108 197 3116; x_wconf 89' lang='lat'>&#39;</span> <span class='ocrx_word' id='word_1_214' title='bbox 292 3105 344 3181; x_wconf 81' lang='grc'><em>68,</em></span> <span class='ocrx_word' id='word_1_215' title='bbox 360 3104 398 3162; x_wconf 79' lang='lat'><em>2:</em></span> <span class='ocrx_word' id='word_1_216' title='bbox 423 3095 454 3158; x_wconf 83' lang='grc' dir='ltr'><em>οἱ</em></span> <span class='ocrx_word' id='word_1_217' title='bbox 478 3096 513 3160; x_wconf 81' lang='grc' dir='ltr'><em>δέ</em></span> <span class='ocrx_word' id='word_1_218' title='bbox 536 3094 697 3183; x_wconf 70' lang='grc' dir='ltr'><em>βάρβαροι</em></span> <span class='ocrx_word' id='word_1_219' title='bbox 721 3102 815 3179; x_wconf 88' lang='grc' dir='ltr'><em>μέχρι</em></span> <span class='ocrx_word' id='word_1_220' title='bbox 839 3102 899 3178; x_wconf 82' lang='grc' dir='ltr'><em>μέν</em></span> <span class='ocrx_word' id='word_1_221' title='bbox 922 3119 1009 3168; x_wconf 88' lang='grc' dir='ltr'><em>τινος</em></span> <span class='ocrx_word' id='word_1_222' title='bbox 1030 3095 1105 3160; x_wconf 86' lang='grc' dir='ltr'><em>εἴων</em></span> <span class='ocrx_word' id='word_1_223' title='bbox 1134 3093 1234 3161; x_wconf 83' lang='grc' dir='ltr'><em>αύτδυ</em></span> <span class='ocrx_word' id='word_1_224' title='bbox 1265 3093 1463 3182; x_wconf 88' lang='grc' dir='ltr'><em>διαπορεύε-</em></span> 
     </span>
    </p>
   </div>
   <div class='ocr_carea' id='block_1_4' title="bbox 291 3205 1468 4492">
    <p class='ocr_par' dir='ltr' id='par_1_6' title="bbox 291 3205 1466 3935">
     <span class='ocr_line' id='line_1_26' title="bbox 291 3205 1465 3288; baseline 0.004 -22"><span class='ocrx_word' id='word_1_225' title='bbox 291 3208 384 3288; x_wconf 84' lang='grc' dir='ltr'><em>σθαι,</em></span> <span class='ocrx_word' id='word_1_226' title='bbox 412 3205 477 3281; x_wconf 90' lang='lat' dir='ltr'><strong>ubi,</strong></span> <span class='ocrx_word' id='word_1_227' title='bbox 503 3224 565 3287; x_wconf 88' lang='lat' dir='ltr'><em>qun</em></span> <span class='ocrx_word' id='word_1_228' title='bbox 589 3206 683 3272; x_wconf 87' lang='lat' dir='ltr'><strong>mode</strong></span> <span class='ocrx_word' id='word_1_229' title='bbox 706 3206 794 3286; x_wconf 68' lang='grc' dir='ltr'><em>ἰατρέ.</em></span> <span class='ocrx_word' id='word_1_230' title='bbox 819 3211 852 3270; x_wconf 77' lang='lat' dir='ltr'><strong>et</strong></span> <span class='ocrx_word' id='word_1_231' title='bbox 876 3224 981 3286; x_wconf 82' lang='lat' dir='ltr'><strong>praes.</strong></span> <span class='ocrx_word' id='word_1_232' title='bbox 995 3208 1035 3271; x_wconf 84' lang='lat' dir='ltr'><em>ab</em></span> <span class='ocrx_word' id='word_1_233' title='bbox 1054 3206 1176 3272; x_wconf 75' lang='lat' dir='ltr'><strong>aei-iste</strong></span> <span class='ocrx_word' id='word_1_234' title='bbox 1195 3205 1357 3288; x_wconf 84' lang='lat' dir='ltr'><strong>different,</strong></span> <span class='ocrx_word' id='word_1_235' title='bbox 1376 3208 1465 3272; x_wconf 80' lang='lat' dir='ltr'><strong>clare</strong></span> 
     </span>
     <span class='ocr_line' id='line_1_27' title="bbox 293 3313 1465 3396; baseline 0.002 -21"><span class='ocrx_word' id='word_1_236' title='bbox 293 3313 436 3392; x_wconf 85' lang='lat' dir='ltr'><strong>perspIei</strong></span> <span class='ocrx_word' id='word_1_237' title='bbox 462 3319 579 3393; x_wconf 80' lang='lat' dir='ltr'><strong>potest.</strong></span> <span class='ocrx_word' id='word_1_238' title='bbox 626 3313 739 3392; x_wconf 86' lang='lat' dir='ltr'><strong>Neque</strong></span> <span class='ocrx_word' id='word_1_239' title='bbox 763 3317 848 3378; x_wconf 83' lang='lat' dir='ltr'><strong>enini</strong></span> <span class='ocrx_word' id='word_1_240' title='bbox 874 3332 933 3394; x_wconf 88' lang='lat' dir='ltr'><strong>per</strong></span> <span class='ocrx_word' id='word_1_241' title='bbox 957 3314 1027 3378; x_wconf 87' lang='lat' dir='ltr'>loca</span> <span class='ocrx_word' id='word_1_242' title='bbox 1051 3314 1110 3379; x_wconf 83' lang='lat' dir='ltr'><strong>illa</strong></span> <span class='ocrx_word' id='word_1_243' title='bbox 1134 3320 1276 3396; x_wconf 78' lang='lat' dir='ltr'><strong>auguste</strong></span> <span class='ocrx_word' id='word_1_244' title='bbox 1293 3322 1327 3379; x_wconf 85' lang='lat' dir='ltr'><strong>et</strong></span> <span class='ocrx_word' id='word_1_245' title='bbox 1348 3331 1465 3393; x_wconf 81' lang='lat' dir='ltr'><strong>aspera</strong></span> 
     </span>
     <span class='ocr_line' id='line_1_28' title="bbox 293 3418 1466 3502; baseline 0.001 -19"><span class='ocrx_word' id='word_1_246' title='bbox 293 3437 396 3501; x_wconf 91' lang='lat' dir='ltr'><strong>usque</strong></span> <span class='ocrx_word' id='word_1_247' title='bbox 420 3420 578 3484; x_wconf 83' lang='lat' dir='ltr'><strong>adfinem</strong></span> <span class='ocrx_word' id='word_1_248' title='bbox 616 3421 683 3485; x_wconf 86' lang='lat' dir='ltr'><strong>Iter</strong></span> <span class='ocrx_word' id='word_1_249' title='bbox 713 3418 849 3499; x_wconf 75' lang='lat' dir='ltr'><strong>faciunt,</strong></span> <span class='ocrx_word' id='word_1_250' title='bbox 874 3421 932 3486; x_wconf 91' lang='lat' dir='ltr'><strong>sed</strong></span> <span class='ocrx_word' id='word_1_251' title='bbox 955 3421 989 3484; x_wconf 90' lang='lat' dir='ltr'><em>in</em></span> <span class='ocrx_word' id='word_1_252' title='bbox 1007 3421 1122 3485; x_wconf 89' lang='lat' dir='ltr'><strong>mediis</strong></span> <span class='ocrx_word' id='word_1_253' title='bbox 1140 3421 1303 3502; x_wconf 83' lang='lat' dir='ltr'><strong>angustiis</strong></span> <span class='ocrx_word' id='word_1_254' title='bbox 1323 3420 1466 3486; x_wconf 83' lang='lat' dir='ltr'><strong>hostium</strong></span> 
     </span>
     <span class='ocr_line' id='line_1_29' title="bbox 292 3511 1466 3612; baseline -0.003 -21"><span class='ocrx_word' id='word_1_255' title='bbox 292 3527 331 3591; x_wconf 79' lang='lat' dir='ltr'><em>fit</em></span> <span class='ocrx_word' id='word_1_256' title='bbox 353 3527 515 3607; x_wconf 78' lang='lat' dir='ltr'><strong>impetus:</strong></span> <span class='ocrx_word' id='word_1_257' title='bbox 540 3523 617 3589; x_wconf 83' lang='grc' dir='ltr'><em>ἐπεὶ</em></span> <span class='ocrx_word' id='word_1_258' title='bbox 647 3521 723 3597; x_wconf 83' lang='grc' dir='ltr'><em>δἐἰς</em></span> <span class='ocrx_word' id='word_1_259' title='bbox 757 3532 855 3607; x_wconf 83' lang='grc' dir='ltr'><em>μέσας</em></span> <span class='ocrx_word' id='word_1_260' title='bbox 889 3522 945 3596; x_wconf 82' lang='grc' dir='ltr'><em>τὰς</em></span> <span class='ocrx_word' id='word_1_261' title='bbox 976 3528 1152 3609; x_wconf 84' lang='grc' dir='ltr'><em>δυσχωρίας</em></span> <span class='ocrx_word' id='word_1_262' title='bbox 1175 3511 1265 3612; x_wconf 77' lang='grc' dir='ltr'><em>ἧκον,</em></span> <span class='ocrx_word' id='word_1_263' title='bbox 1289 3524 1383 3610; x_wconf 83' lang='grc' dir='ltr'><em>ἄφνω</em></span> <span class='ocrx_word' id='word_1_264' title='bbox 1407 3521 1466 3608; x_wconf 76' lang='grc' dir='ltr'><em>τὴν</em></span> 
     </span>
     <span class='ocr_line' id='line_1_30' title="bbox 293 3629 1465 3718; baseline 0.004 -23"><span class='ocrx_word' id='word_1_265' title='bbox 293 3629 448 3696; x_wconf 81' lang='grc' dir='ltr'><em>ἐπίθεσιν</em></span> <span class='ocrx_word' id='word_1_266' title='bbox 471 3630 656 3700; x_wconf 80' lang='grc' dir='ltr'><em>ἐποιοῦντο.</em></span> <span class='ocrx_word' id='word_1_267' title='bbox 684 3635 900 3718; x_wconf 78' lang='lat' dir='ltr'><strong>Ecunirauio,</strong></span> <span class='ocrx_word' id='word_1_268' title='bbox 926 3637 980 3700; x_wconf 85' lang='lat' dir='ltr'><em>ubi</em></span> <span class='ocrx_word' id='word_1_269' title='bbox 1004 3638 1070 3700; x_wconf 86' lang='lat' dir='ltr'><strong>iter</strong></span> <span class='ocrx_word' id='word_1_270' title='bbox 1094 3655 1151 3716; x_wconf 85' lang='lat' dir='ltr'><strong>per</strong></span> <span class='ocrx_word' id='word_1_271' title='bbox 1174 3636 1342 3716; x_wconf 83' lang='lat' dir='ltr'><strong>reginnem</strong></span> <span class='ocrx_word' id='word_1_272' title='bbox 1365 3654 1465 3715; x_wconf 84' lang='lat' dir='ltr'><strong>quen-</strong></span> 
     </span>
     <span class='ocr_line' id='line_1_31' title="bbox 293 3727 1466 3825; baseline -0.001 -20"><span class='ocrx_word' id='word_1_273' title='bbox 293 3741 366 3805; x_wconf 84' lang='lat' dir='ltr'><em>dam</em></span> <span class='ocrx_word' id='word_1_274' title='bbox 389 3742 513 3823; x_wconf 81' lang='lat' dir='ltr'><strong>finitur,</strong></span> <span class='ocrx_word' id='word_1_275' title='bbox 539 3743 602 3806; x_wconf 88' lang='lat' dir='ltr'><strong>ind.</strong></span> <span class='ocrx_word' id='word_1_276' title='bbox 627 3761 692 3806; x_wconf 87' lang='lat' dir='ltr'><strong>aer.</strong></span> <span class='ocrx_word' id='word_1_277' title='bbox 711 3743 847 3824; x_wconf 82' lang='lat' dir='ltr'><strong>legitur:</strong></span> <span class='ocrx_word' id='word_1_278' title='bbox 871 3743 952 3808; x_wconf 88' lang='lat' dir='ltr'><em>XIV</em></span> <span class='ocrx_word' id='word_1_279' title='bbox 968 3750 1019 3822; x_wconf 76' lang='lat'><em>30,</em></span> <span class='ocrx_word' id='word_1_280' title='bbox 1036 3749 1069 3805; x_wconf 84' lang='lat'><em>7:</em></span> <span class='ocrx_word' id='word_1_281' title='bbox 1115 3739 1238 3825; x_wconf 90' lang='grc' dir='ltr'><em>ταύτην</em></span> <span class='ocrx_word' id='word_1_282' title='bbox 1254 3742 1317 3821; x_wconf 81' lang='grc' dir='ltr'><em>μὲν</em></span> <span class='ocrx_word' id='word_1_283' title='bbox 1334 3727 1391 3804; x_wconf 77' lang='grc' dir='ltr'><em>οὖν</em></span> <span class='ocrx_word' id='word_1_284' title='bbox 1406 3737 1466 3825; x_wconf 81' lang='grc' dir='ltr'><em>τὴν</em></span> 
     </span>
     <span class='ocr_line' id='line_1_32' title="bbox 293 3840 1464 3935; baseline 0.006 -26"><span class='ocrx_word' id='word_1_285' title='bbox 293 3843 400 3931; x_wconf 78' lang='grc' dir='ltr'><em>χώραν</em></span> <span class='ocrx_word' id='word_1_286' title='bbox 423 3845 459 3910; x_wconf 87' lang='grc' dir='ltr'><em>ἐν</em></span> <span class='ocrx_word' id='word_1_287' title='bbox 474 3842 611 3931; x_wconf 77' lang='grc' dir='ltr'><em>ἡμέραις</em></span> <span class='ocrx_word' id='word_1_288' title='bbox 628 3840 710 3912; x_wconf 82' lang='grc' dir='ltr'><em>ύκτώ</em></span> <span class='ocrx_word' id='word_1_289' title='bbox 726 3847 998 3935; x_wconf 86' lang='grc' dir='ltr'><em>διεπορεύθησαν,</em></span> <span class='ocrx_word' id='word_1_290' title='bbox 1011 3845 1071 3933; x_wconf 77' lang='grc' dir='ltr'><em>τὴν</em></span> <span class='ocrx_word' id='word_1_291' title='bbox 1088 3845 1277 3933; x_wconf 83' lang='grc' dir='ltr'><em>δ’έχομένην</em></span> <span class='ocrx_word' id='word_1_292' title='bbox 1294 3845 1329 3912; x_wconf 83' lang='grc' dir='ltr'><em>ἐν</em></span> <span class='ocrx_word' id='word_1_293' title='bbox 1353 3853 1464 3931; x_wconf 90' lang='grc' dir='ltr'><em>τρισίν.</em></span> 
     </span>
    </p>

    <p class='ocr_par' dir='ltr' id='par_1_7' title="bbox 293 3969 1468 4492">
     <span class='ocr_line' id='line_1_33' title="bbox 402 3969 1466 4058; baseline -0.002 -21"><span class='ocrx_word' id='word_1_294' title='bbox 402 3974 502 4040; x_wconf 83' lang='lat' dir='ltr'><strong>Verbi</strong></span> <span class='ocrx_word' id='word_1_295' title='bbox 527 3969 782 4056; x_wconf 80' lang='grc' dir='ltr'><em>ἐκπορεύεσθαι</em></span> <span class='ocrx_word' id='word_1_296' title='bbox 793 3975 858 4054; x_wconf 85' lang='lat' dir='ltr'>1qu</span> <span class='ocrx_word' id='word_1_297' title='bbox 875 3975 964 4056; x_wconf 84' lang='lat' dir='ltr'><strong>impf.</strong></span> <span class='ocrx_word' id='word_1_298' title='bbox 981 3976 1067 4040; x_wconf 92' lang='lat' dir='ltr'>XIII</span> <span class='ocrx_word' id='word_1_299' title='bbox 1080 3982 1132 4058; x_wconf 84' lang='grc'><em>33,</em></span> <span class='ocrx_word' id='word_1_300' title='bbox 1149 3982 1183 4039; x_wconf 77' lang='lat'><em>2:</em></span> <span class='ocrx_word' id='word_1_301' title='bbox 1208 3976 1466 4058; x_wconf 82' lang='grc' dir='ltr'><em>προσαγγελθέν-</em></span> 
     </span>
     <span class='ocr_line' id='line_1_34' title="bbox 293 4077 1468 4164; baseline -0.001 -21"><span class='ocrx_word' id='word_1_302' title='bbox 293 4100 358 4143; x_wconf 93' lang='grc' dir='ltr'><em>των</em></span> <span class='ocrx_word' id='word_1_303' title='bbox 382 4079 417 4143; x_wconf 83' lang='grc' dir='ltr'><em>δὲ</em></span> <span class='ocrx_word' id='word_1_304' title='bbox 440 4079 610 4160; x_wconf 88' lang='grc' dir='ltr'><em>πολεμίων</em></span> <span class='ocrx_word' id='word_1_305' title='bbox 639 4077 853 4163; x_wconf 81' lang='grc' dir='ltr'><em>ἐξεπορεύετο</em></span> <span class='ocrx_word' id='word_1_306' title='bbox 886 4085 978 4164; x_wconf 82' lang='grc' dir='ltr'><em>ξίφος</em></span> <span class='ocrx_word' id='word_1_307' title='bbox 1009 4079 1099 4160; x_wconf 83' lang='grc' dir='ltr'><em>ἔχων.</em></span> <span class='ocrx_word' id='word_1_308' title='bbox 1145 4083 1256 4164; x_wconf 82' lang='lat' dir='ltr'><strong>Neque</strong></span> <span class='ocrx_word' id='word_1_309' title='bbox 1280 4101 1310 4148; x_wconf 86' lang='lat' dir='ltr'><em>v.</em></span> <span class='ocrx_word' id='word_1_310' title='bbox 1336 4078 1468 4144; x_wconf 86' lang='grc' dir='ltr'><em>ἐπιπο-</em></span> 
     </span>
     <span class='ocr_line' id='line_1_35' title="bbox 294 4183 1466 4272; baseline 0.003 -23"><span class='ocrx_word' id='word_1_311' title='bbox 294 4183 461 4269; x_wconf 86' lang='grc' dir='ltr'><em>ρεύεσθαι,</em></span> <span class='ocrx_word' id='word_1_312' title='bbox 487 4207 679 4269; x_wconf 80' lang='grc' dir='ltr'><em>ηααιαηαοια</em></span> <span class='ocrx_word' id='word_1_313' title='bbox 706 4191 765 4254; x_wconf 88' lang='lat' dir='ltr'><strong>hoe</strong></span> <span class='ocrx_word' id='word_1_314' title='bbox 789 4193 925 4256; x_wconf 85' lang='lat' dir='ltr'><strong>verbum</strong></span> <span class='ocrx_word' id='word_1_315' title='bbox 951 4208 1048 4269; x_wconf 82' lang='lat' dir='ltr'><strong>saepe</strong></span> <span class='ocrx_word' id='word_1_316' title='bbox 1073 4191 1207 4272; x_wconf 80' lang='lat' dir='ltr'><strong>legitur,</strong></span> <span class='ocrx_word' id='word_1_317' title='bbox 1233 4191 1333 4254; x_wconf 88' lang='lat' dir='ltr'><strong>ullum</strong></span> <span class='ocrx_word' id='word_1_318' title='bbox 1351 4191 1466 4255; x_wconf 71' lang='lat' dir='ltr'><strong>aerini</strong></span> 
     </span>
     <span class='ocr_line' id='line_1_36' title="bbox 295 4295 1466 4379; baseline 0.003 -21"><span class='ocrx_word' id='word_1_319' title='bbox 295 4295 477 4378; x_wconf 80' lang='lat' dir='ltr'><strong>exemplum</strong></span> <span class='ocrx_word' id='word_1_320' title='bbox 499 4307 618 4362; x_wconf 86' lang='lat' dir='ltr'><strong>enotav</strong></span> <span class='ocrx_word' id='word_1_321' title='bbox 649 4316 708 4364; x_wconf 90' lang='lat' dir='ltr'><em>nee</em></span> <span class='ocrx_word' id='word_1_322' title='bbox 741 4307 820 4379; x_wconf 84' lang='lat' dir='ltr'><strong>puto</strong></span> <span class='ocrx_word' id='word_1_323' title='bbox 857 4298 945 4379; x_wconf 84' lang='lat' dir='ltr'><strong>apud</strong></span> <span class='ocrx_word' id='word_1_324' title='bbox 978 4297 1154 4363; x_wconf 85' lang='lat' dir='ltr'><strong>Diodorum</strong></span> <span class='ocrx_word' id='word_1_325' title='bbox 1189 4297 1338 4364; x_wconf 87' lang='lat' dir='ltr'><strong>inveniri.</strong></span> <span class='ocrx_word' id='word_1_326' title='bbox 1374 4296 1466 4378; x_wconf 79' lang='lat' dir='ltr'><strong>Quod</strong></span> 
     </span>
     <span class='ocr_line' id='line_1_37' title="bbox 294 4403 1467 4492; baseline -0.001 -20"><span class='ocrx_word' id='word_1_327' title='bbox 294 4403 410 4472; x_wconf 81' lang='lat' dir='ltr'><strong>mirum</strong></span> <span class='ocrx_word' id='word_1_328' title='bbox 441 4421 503 4468; x_wconf 91' lang='lat' dir='ltr'><em>nou</em></span> <span class='ocrx_word' id='word_1_329' title='bbox 534 4413 590 4470; x_wconf 85' lang='lat' dir='ltr'><strong>est.</strong></span> <span class='ocrx_word' id='word_1_330' title='bbox 641 4405 712 4474; x_wconf 87' lang='lat' dir='ltr'><em>Hoc</em></span> <span class='ocrx_word' id='word_1_331' title='bbox 745 4405 830 4474; x_wconf 85' lang='lat' dir='ltr'><strong>enin</strong></span> <span class='ocrx_word' id='word_1_332' title='bbox 863 4405 1075 4492; x_wconf 81' lang='lat' dir='ltr'><strong>compositum</strong></span> <span class='ocrx_word' id='word_1_333' title='bbox 1099 4405 1233 4471; x_wconf 82' lang='lat' dir='ltr'><strong>notione</strong></span> <span class='ocrx_word' id='word_1_334' title='bbox 1259 4405 1467 4482; x_wconf 82' lang='lat' dir='ltr'><strong>‚obversendi</strong></span> 
     </span>
    </p>
   </div>
   <div class='ocr_carea' id='block_1_5' title="bbox 0 0 1661 5044">
    <p class='ocr_par' dir='ltr' id='par_1_8' title="bbox 0 0 1661 5044">
     <span class='ocr_line' id='line_1_38' title="bbox 0 0 1661 5044; baseline 0 0"><span class='ocrx_word' id='word_1_335' title='bbox 0 0 1661 5044; x_wconf 95' lang='lat' dir='ltr'><em> </em></span> 
     </span>
    </p>
   </div>
  </div>
 </body>
</html>
