3264 5050
782 449 1006 510 „32-

309 634 448 726 χιίραν),
473 645 511 706 ut
539 637 699 705 redeundi¹
728 639 818 705 notio
849 657 954 720 paene
983 641 1167 724 evanuerit,
1197 657 1266 708 aor.
1300 642 1490 726 παρελθεῖν

309 748 442 815 notione
455 752 505 814 est
518 745 724 828 adveniendi,
742 765 806 812 nno
818 747 889 812 ioco
909 746 1137 828 praetereundi
1149 744 1186 832 ¹),
1202 765 1267 813 aor.
1284 743 1491 814 ἐπανελθεῖν

311 853 511 922 revertendi.
564 853 593 918 Ε
623 855 790 920 contrario
817 855 904 920 hunc
941 853 1055 920 coristi
1090 871 1223 920 sonsum
1258 856 1393 921 exhibet
1428 859 1489 924 inf.

311 979 415 1043 prees.
439 981 469 1029 v.
493 955 754 1046 ἐπανέρχεσθαι,
790 961 845 1042 qui
878 961 995 1046 semel,
1031 961 1058 1026 si
1093 959 1169 1041 quid
1205 961 1319 1039 video,
1360 964 1490 1046 legitur

315 1067 445 1152 [XVIII
458 1073 512 1154 38,
526 1065 569 1155 3].

419 1175 535 1243 sexies
558 1180 643 1259 part.
667 1193 775 1257 praes.
810 1169 958 1237 ἑπανιαὶν
990 1177 1023 1241 in
1056 1175 1221 1258 prioribus
1244 1177 1365 1259 viginti
1389 1176 1491 1244 libris

314 1283 393 1367 legi3
425 1284 553 1350 nullum
586 1282 650 1348 nisi
679 1280 796 1362 folior,
827 1282 861 1346 in
892 1279 1088 1365 fragmentis
1119 1288 1231 1348 exstat
1261 1283 1490 1364 posteriorum.

312 1390 487 1459 Invenitur
511 1390 560 1456 IV
576 1396 628 1473 30,
643 1396 679 1456 3:
716 1381 734 1452 ό
769 1385 895 1460 Ἰόλαος
933 1384 1078 1453 ἐπανιόν
1112 1387 1158 1460 εἰς
1184 1385 1245 1473 τήν
1267 1383 1405 1454 Ἐλλάδα
1430 1394 1490 1456 καὶ

312 1493 541 1582 προσπλεύσας
563 1500 603 1585 τῇ
625 1496 765 1581 Σικελίᾳ
789 1497 962 1582 διέτριψεν
986 1492 1022 1560 ἐν
1045 1497 1085 1584 τῇ
1108 1492 1203 1584 νήσῳ.
1251 1498 1371 1564 nouam
1391 1500 1490 1567 modo

313 1625 385 1672 cum
411 1612 496 1697 part
527 1624 594 1672 aor.
624 1603 834 1687 coniungitur
865 1605 909 1669 ib.
935 1609 985 1688 33,
1002 1611 1018 1666 7
1030 1629 1037 1670 :
1061 1597 1246 1691 ΓΗρακλής]
1270 1599 1340 1668 α’πὸ
1368 1601 1492 1690 ταύτης

313 1716 369 1790 τῆς
384 1714 553 1797 στρατείας
576 1705 723 1776 ἐπανιόν
746 1708 791 1782 εἰς
812 1704 874 1790 τήν
903 1705 1071 1796 Ἀρκαδίαν
1099 1711 1157 1774 καὶ
1184 1706 1365 1783 καταλύσας
1394 1709 1492 1796 παρὰ

308 1816 461 1905 Ἄλεῳ..
507 1819 611 1900 μιγεὶς
635 1871 641 1885 .
667 1873 674 1886 .
698 1813 757 1881 καὶ
797 1813 938 1902 ποιήσας
973 1813 1018 1890 εἰς
1051 1813 1253 1902 Στύμφαλον
1287 1815 1491 1890 ἐπανῆλθεν.

315 1926 386 2011 Quo
419 1927 487 1994 loco
519 1928 603 1994 bone
632 1926 712 1994 licet
744 1944 959 2009 cognoscere,
990 1944 1054 2007 qua
1077 1927 1207 1992 rationo
1231 1945 1337 2008 prees.
1361 1933 1397 1992 ει
1420 1945 1491 1995 aor.

316 2033 480 2101 differant.
536 2034 575 2100 In
605 2029 751 2098 ἐπανιών
781 2035 926 2115 genuina
956 2032 1046 2099 notio
1077 2033 1266 2101 revertendi
1299 2051 1404 2116 paene
1434 2052 1491 2100 ex·

315 2142 439 2210 ειίωειε
463 2150 523 2208 εει.
543 2127 546 2132 ’
570 2143 653 2208 Nem
684 2147 782 2207 anteo
813 2158 879 2207 non
903 2141 989 2222 opud
1012 2157 1120 2222 rogem
1141 2134 1262 2203 Ἀλεων
1284 2139 1406 2223 fuerat,
1431 2143 1492 2208 sed

315 2250 426 2316 fuerat
440 2249 624 2332 Stymphali
646 2248 712 2314 iam
736 2249 835 2329 prius.
859 2249 963 2314 Recto
979 2247 1083 2329 igitur
1099 2247 1217 2313 deinde
1232 2242 1278 2318 εἰς
1290 2241 1493 2330 Στύμφαλον

316 2353 510 2442 ἐπανῆλθεν
539 2356 667 2423 dicitur.
714 2355 840 2422 Eadem
868 2373 922 2422 res
951 2361 1002 2421 εει
1025 2354 1189 2437 Ivem:
1219 2350 1244 2420 ε’.
1268 2349 1314 2426 εἰς
1340 2359 1493 2439 Τραχῖνα

315 2465 373 2530 καὶ
406 2463 609 2548 προκληθεὶς
644 2455 834 2529 α’πέκτεινε.
887 2461 1028 2543 Reliqua
1067 2463 1220 2544 exempla
1255 2462 1387 2529 notione
1420 2468 1493 2528 tam

317 2591 419 2659 prope
442 2572 483 2637 ad
508 2589 574 2638 cor.
597 2571 768 2656 accedunt,
795 2577 830 2636 ut
855 2589 895 2636 ea
918 2587 1091 2636 secernere
1115 2588 1179 2635 uon
1203 2587 1284 2652 opus
1309 2568 1362 2634 sit.
1397 2566 1493 2651 Quae

317 2681 534 2748 inveniuntur
569 2679 631 2745 XV
646 2683 698 2763 93,
714 2684 752 2744 6:
782 2673 807 2742 δ.
837 2672 883 2748 είς
912 2671 972 2762 τήν
1002 2676 1148 2760 πατρίδα
1171 2669 1224 2739 διδ
1249 2670 1397 2762 Κυρήνης
1420 2673 1492 2740 ἐτε-

318 2783 467 2872 λεότήσε,
491 2786 570 2854 XVI
594 2792 646 2869 31,
666 2792 701 2852 5:
725 2779 935 2870 ἀναχωρήσας
962 2777 1173 2865 α’νελάμβανε
1195 2776 1270 2854 τούς
1293 2778 1495 2863 στρατιώτας

319 2893 355 2960 ἐκ
379 2897 435 2980 τῆς
457 2895 558 2977 portic
582 2889 789 2977 ἐπανιόντας,
814 2893 881 2960 XX
894 2898 945 2973 λδ,
959 2897 995 2961 4:
1020 2887 1055 2954 ἐκ
1075 2886 1139 2975 γάρ
1162 2893 1219 2975 τής
1232 2891 1385 2974 Σινδικῆς
1404 2886 1428 2956 ἒ.
1445 2887 1495 2963 εἰς

318 2996 380 3072 τήν
410 2998 536 3066 οἰκείαν
568 3003 624 3066 καὶ
647 2997 798 3065 σπεύδων
829 2995 914 3084 πρός
936 3019 1013 3063 τινα
1037 3001 1157 3062 θυσίαν
1180 2994 1300 3080 iti-uoce
1324 2994 1384 3061 ἐπί
1404 3019 1496 3071 τινος

319 3113 515 3196 τεθρίππου
546 3103 630 3195 πρὸς
663 3102 704 3173 τὰ
739 3107 895 3191 βασίλεια.
949 3107 1073 3173 Eodem
1103 3124 1201 3173 sensu
1237 3107 1339 3172 semel
1366 3107 1495 3188 iegitur

321 3218 381 3286 inf.
406 3213 667 3302 ἐπανέρχεσθαι,
703 3217 760 3282 sed
794 3217 827 3282 in
857 3217 1029 3296 interrog„
1066 3232 1150 3294 quoe
1174 3213 1304 3296 dicitur,
1328 3212 1496 3280 indirecta

322 3325 438 3394 XVIII
453 3332 503 3408 18,
518 3332 553 3392 3:
578 3316 672 3408 ήξίον
697 3315 831 3388 δἀδτδν
853 3316 873 3408 ή
889 3315 1073 3401 Ὀλυμπιὰς
1087 3320 1334 3403 σομβοολεῦσαν
1347 3314 1495 3404 πότερον

324 3425 410 3519 αὐτῷ
433 3434 525 3497 δοκεῖ
546 3436 724 3516 συμφέρειν
747 3435 910 3513 μένειν..
935 3423 955 3515 ἣ
978 3427 1231 3513 ἐπανέρχεσθαι,

430 3541 522 3610 Part.
559 3558 667 3621 praes.
699 3533 831 3624 περιιόν
866 3539 989 3621 legitur
1021 3536 1137 3612 ΧΙθθ,
1152 3542 1187 3601 3:
1223 3533 1255 3598 οἱ
1287 3538 1498 3619 χαριέσταται

323 3650 388 3713 τῶν
418 3649 648 3732 πρεσβυτέρων
678 3641 855 3730 παριόντες
881 3637 1108 3727 α’πεφαίνοντο
1144 3637 1258 3719 σώζειν
1292 3634 1352 3706 τόν
1375 3637 1497 3726 ἱκέτην.

327 3757 430 3823 Verbi
446 3754 550 3836 igitur
567 3773 683 3822 sensus
697 3761 759 3840 est,
775 3754 826 3838 ,od
839 3753 1037 3835 loquendum
1050 3749 1199 3832 prodire‘.
1223 3750 1303 3816 Tum
1318 3749 1497 3832 ‚adeuntes‘

327 3861 494 3946 significat
516 3862 599 3928 XVI
612 3866 718 3948 49‚4:
754 3856 932 3944 παριόντες
964 3856 1010 3929 εἰς
1036 3851 1073 3921 τδ
1107 3859 1226 3940 χωρίον
1252 3859 1317 3919 τῶν
1342 3851 1500 3931 ἐξιόντων
1619 3869 1620 3876 ’

326 3963 487 4035 Ἑλλήνων
519 3963 707 4056 α’φήροῦντο
741 3963 868 4051 πολλοί,
905 3963 1176 4051 ,praetereuntes
1211 3963 1258 4029 IV
1283 3970 1336 4048 59,
1354 3971 1392 4029 λιι
1424 3957 1502 4034 τούς

328 4071 509 4161 παριόντας
549 4071 799 4144 ἀποκτείναντα.
857 4074 1007 4155 Denique
1043 4073 1168 4139 conieci
1204 4073 1247 4153 (v.
1263 4089 1288 4136 s.
1301 4089 1330 4135 v.
1347 4063 1500 4154 α’πιέναι)

329 4185 430 4252 XVII
444 4191 473 4270 9,
489 4192 524 4251 5:
549 4181 582 4247 οἱ
605 4183 640 4248 δὲ
665 4187 809 4268 Θηβαῖοι
833 4174 1055 4266 ἀντεκήρυξεν
1076 4185 1236 4262 παρεῖναι
1268 4170 1351 4260 πρὸς
1381 4170 1503 4248 αδτοός

331 4311 388 4378 pro
412 4298 586 4376 παρεῖναι,
616 4291 644 4357 si
674 4291 768 4357 modo
799 4290 951 4356 inlibris
975 4289 1131 4355 traditum
1157 4283 1218 4365 est‚'
1242 4288 1399 4368 παριέναι
1422 4285 1502 4349 soui-

330 4401 472 4469 bendum
495 4418 574 4467 εεεε.
620 4400 703 4465 Nam
726 4403 886 4482 παρεῖναι
910 4404 999 4464 certe
1022 4398 1169 4484 ineptum
1194 4399 1246 4464 εει
1270 4399 1304 4460 ει
1329 4398 1504 4481 praeterea
1620 4464 1621 4491 ρ

339 4511 552 4616 Ἦ
564 4541 637 4617 εει
655 4539 689 4602 τι.
708 4556 735 4617 p.
747 4539 791 4598 ac.
