3264 5050
733 501 957 562 „12-

259 711 454 776 cognoscere
470 712 509 758 ux
538 695 606 775 Va,
620 697 656 758 4:
682 692 929 773 πολεμούμενοι
953 689 1193 756 κατεσκεύασαν
1216 689 1253 756 τὸ
1277 685 1434 757 ναυτικὸν

259 802 314 863 καί
338 797 519 880 διελόμενοι
549 803 631 883 σφᾶς
655 794 771 871 αὐτους
796 799 827 862 οἱ
850 800 913 880 μὲν
937 795 1116 884 ἐγεώργουν
1140 798 1171 862 οἱ
1195 799 1230 862 δὲ
1255 794 1338 884 πρὸς
1360 794 1435 871 τοὺς

258 903 373 996 λῃστάς
418 904 653 971 ἀντετάττοντο
714 909 770 970 καὶ
810 904 867 978 τὰς
909 902 1017 978 οὐσίας
1062 903 1174 978 κοινὰς
1216 905 1435 993 ποιησάμενοι

259 1017 313 1078 καὶ
338 1015 449 1089 ζῶντες
478 1012 559 1078 κατά
585 1018 729 1079 συσσίτια
753 1015 937 1079 διετέλεσαν
960 1013 1020 1078 ἐπί
1040 1036 1132 1086 τινας
1153 1012 1289 1098 χρόνους
1316 1037 1433 1078 κοινω-

260 1127 355 1193 νικῶς
383 1127 536 1205 βιοῦντες.
562 1160 604 1170 -
627 1124 766 1189 Praeter
790 1125 869 1189 haec
887 1141 970 1203 quae
986 1122 1086 1188 attuli
1103 1123 1430 1205 exemplav.1114‚l

261 1236 437 1314 27,143,3
461 1230 546 1295 XIII
565 1235 594 1310 5,
614 1237 631 1294 6
656 1231 674 1295 I
693 1236 743 1313 13,
762 1237 779 1296 5
806 1231 888 1296 alios
913 1231 1045 1310 locos1).

367 1338 430 1404 Sed
465 1356 506 1403 ue
541 1355 595 1402 eos
630 1338 717 1402 locos
752 1339 850 1419 plane
893 1337 1024 1403 silentio
1061 1344 1281 1418 praeteream,
1317 1337 1434 1419 quibus

260 1445 401 1510 aoristus
437 1462 508 1510 cum
548 1444 692 1526 porrecto
729 1445 935 1510 coniunctum
973 1453 1034 1526 cst,
1071 1445 1171 1510 etIam
1207 1445 1248 1510 de
1281 1447 1340 1511 hoc
1372 1463 1433 1510 usu

260 1553 373 1632 paucis
398 1553 569 1618 disseram.
616 1552 715 1617 Cuius
738 1554 789 1618 rei
814 1570 912 1618 causa
935 1553 1015 1616 hacc
1040 1559 1103 1618 est:
1129 1553 1286 1638 scriptor,
1318 1571 1389 1618 cum
1414 1571 1434 1616 a

260 1677 320 1724 sua
345 1665 454 1724 aetate
478 1659 519 1724 ad
544 1660 755 1742 praeteritam
782 1659 875 1740 quasi
892 1659 1038 1741 respicit,
1064 1659 1170 1724 utitur
1185 1658 1344 1741 perfecte,
1363 1677 1433 1724 cum

259 1785 313 1832 res
338 1775 374 1831 ut
397 1774 508 1847 gestas
532 1770 657 1847 narrat,
683 1766 815 1832 aoristo.
866 1766 967 1831 Velut
991 1767 1148 1850 14,4ss.,
1179 1772 1352 1848 postquam
1378 1785 1433 1831 ex·

259 1875 387 1955 posuit,
420 1874 534 1955 quales
565 1873 696 1939 labores
721 1873 878 1958 subIerit,
915 1879 1071 1953 utquam
1098 1873 1298 1940 verissimam
1325 1891 1433 1938 rerum

259 1982 409 2046 noticiam
441 1981 505 2046 sibi
535 1989 679 2061 pararet,
712 1980 804 2046 dicit:
828 1973 921 2062 ἡμεῖς
946 1977 1006 2059 γὰρ
1031 1975 1067 2054 ἐξ
1091 1976 1233 2063 Ἀγυρίου
1257 1983 1313 2063 τῆς
1335 1987 1433 2044 Σικε-

259 2087 330 2159 λίας
366 2085 457 2158 ὄντες
492 2089 547 2150 καὶ
583 2084 635 2151 διά
671 2081 731 2170 τὴν
772 2085 942 2168 ἐπιμιξίαν
977 2094 1043 2158 τοῖς
1079 2085 1114 2150 ἐν
1137 2089 1176 2175 τῇ
1200 2083 1284 2172 νήσῳ
1307 2080 1433 2169 πολλὴν

262 2193 439 2279 ἐμπειρίαν
462 2198 517 2278 τῆς
539 2189 706 2275 Ῥωμαίων
731 2195 899 2258 διαλέκτου
925 2199 1224 2278 περιπεποιημένοι
1248 2190 1354 2264 πάσας
1377 2189 1434 2264 τὰς

262 2306 317 2378 τῆς
339 2296 515 2386 ἡγεμονίας
537 2298 656 2386 ταύτης
680 2298 813 2385 πράξεις
837 2297 975 2385 άτριβαῖς
1000 2295 1206 2382 ἀνελάβομεν
1222 2297 1258 2363 ἐκ
1276 2304 1340 2362 τών
1355 2295 1434 2384 παρ’

201 2455 203 2460 ,
259 2407 396 2481 ἐκείνοις
435 2403 681 2493 ὑπομνημάτων
712 2448 763 2474 -.
811 2404 1033 2492 πεποιήμεθα
1072 2409 1106 2472 δὲ
1145 2402 1205 2490 τὴν
1239 2402 1341 2492 α’ρχὴν
1379 2411 1434 2492 τῆς

261 2516 401 2600 ἱστορίας
419 2508 486 2580 άπὸ
507 2519 572 2580 τῶν
591 2517 888 2597 μυθολογουμένων
906 2508 1134 2599 παρ’Ἕλλμσί
1141 2536 1177 2578 τε
1191 2516 1246 2578 καὶ
1258 2507 1434 2598 βαρβάροις

261 2620 472 2699 ἐξετάσαντες
514 2618 554 2687 τά
600 2615 682 2708 παρ’
720 2620 868 2694 ἑκάστοις
906 2620 1129 2706 ἱστορούμενα.
1176 2628 1206 2708 4,
1227 2629 1279 2688 tis.
1320 2623 1432 2688 eodem

260 2733 352 2798 modo
377 2733 499 2814 pergit:
523 2733 582 2815 τῆν
612 2727 672 2814 γάρ
696 2730 814 2812 βίβλων
844 2724 924 2814 ἡμῖν
954 2727 988 2804 ἐξ
1012 2729 1075 2810 μέν
1107 2727 1140 2792 αἱ
1169 2732 1297 2813 πρῶται
1321 2733 1432 2813 περιέ-

259 2859 351 2917 γοοοι
390 2833 447 2910 τὰς
486 2834 552 2921 πρὸ
586 2841 650 2900 των
689 2842 844 2922 Τρωικῶν
877 2834 1083 2921 πράξεις..,’
1120 2833 1156 2899 ἐν
1192 2836 1226 2900 δὲ
1249 2843 1320 2907 ταῖς
1350 2829 1431 2916 μετά

259 2942 378 3016 ταυτας
406 2943 521 3009 ἕνδεκα
551 2941 608 3016 τὰς
631 2937 699 3008 άπὸ
724 2949 787 3007 τῶν
815 2949 972 3029 Τρωικῶν
1003 2940 1114 3015 κοινάς
1151 2938 1288 3027 πράξεις
1316 2935 1432 3021 άναγε-

260 3049 432 3137 γράφομεν
455 3049 512 3124 ἕως
534 3057 590 3136 τῆς
606 3047 823 3135 Ἀλεξάνδρου
847 3052 1007 3137 τελευτῆς·
1032 3049 1068 3114 ἐν
1093 3051 1127 3114 δὲ
1151 3059 1220 3122 ταῖς
1243 3050 1310 3134 ἑξῆς
1332 3048 1433 3112 εἴκοσι

260 3162 314 3223 καὶ
337 3163 424 3244 τρισὶ
447 3161 568 3242 βίβλοις
602 3155 659 3230 τάς
690 3154 812 3230 λοιπάς
843 3154 971 3230 ἁπάσας
994 3153 1222 3237 κατετάξαμεν
1257 3162 1352 3240 μέχρι
1378 3160 1434 3240 τῆς

260 3260 358 3352 άρχῆς
381 3272 441 3332 τοῦ
465 3265 639 3338 συστάντος
663 3267 813 3347 πολέμου
837 3260 1006 3346 Ῥωμαίοις
1036 3260 1122 3349 πρὸς
1145 3259 1286 3336 Κελτοὺς
1314 3256 1433 3326 καθ’ὂν

258 3376 519 3460 -κατεπολέμησε
537 3395 563 3441 e.
582 3397 609 3456 q.
628 3375 700 3458 εδ).
730 3375 796 3440 Rea
813 3381 864 3440 est
881 3393 976 3454 quam
995 3393 1096 3454 supra
1114 3374 1271 3438 diximus:
1291 3373 1432 3454 scriptor

261 3484 354 3550 modo
380 3483 504 3564 aliquid
529 3482 654 3564 cogitat
684 3489 720 3546 ut
752 3481 918 3563 praesenti
951 3488 1098 3563 tempore
1130 3481 1314 3546 absolutum
1340 3480 1432 3544 modo

260 3596 296 3656 ut
332 3590 512 3674 praeterito
547 3595 686 3672 gestum.
733 3588 796 3672 Qui
833 3605 911 3654 usus
946 3587 1109 3654 interdum
1147 3589 1248 3653 mirus
1291 3587 1443 3654 videtur:

259 3696 310 3762 III
328 3704 390 3780 6,3
418 3698 628 3778 participium
652 3695 789 3778 perfecti
814 3696 908 3761 iuxta
933 3695 1142 3776 partIcipium
1161 3695 1274 3762 aoristi
1291 3696 1430 3775 positum

261 3812 323 3882 est,
354 3823 424 3870 cum
457 3812 562 3870 tamen
603 3805 665 3869 hac
697 3805 780 3868 duae
811 3821 882 3884 res,
918 3809 952 3866 ut
985 3803 1033 3867 ita
1057 3801 1173 3882 dicam,
1198 3803 1265 3867 sint
1288 3800 1431 3866 eiusdem

260 3913 472 3921 —-—-.—-

368 3947 394 4009 1)
415 3946 428 3998 Ι
447 3946 520 4012 45,2
540 3945 642 4013 legitur
668 3945 715 3997 inf.
735 3943 912 4018 καταρᾶσθαι
931 3943 1002 3996 iuter
1021 3943 1137 3996 aoristos
1157 3941 1236 4008 idque
1261 3942 1319 3994 sinc
1350 3956 1433 3994 causa

260 4035 403 4088 sufficienti
422 4051 453 4088 ac
474 4034 519 4088 vix
538 4033 712 4101 credipotest
726 4033 872 4086 Diodorum
887 4033 924 4086 sic
938 4031 1091 4100 scripsisse:
1112 4031 1298 4102 (Τνέφαχθον
1312 4031 1432 4102 λέγουσι)

262 4117 381 4196 ἡσθέντα
400 4111 619 4199 καθ’ὗπερβολὴν
643 4123 820 4194 καταγνῶναι
847 4122 894 4193 τῆς
920 4121 1025 4197 τρυφῆς
1052 4125 1098 4176 καί
1119 4121 1156 4176 τά
1174 4120 1364 4180 καταδείξαντι
1383 4113 1432 4186 τὴν

261 4214 438 4269 πολυτέλειαν
462 4213 492 4272 ἐξ
524 4201 612 4286 άρχῆς
637 4216 743 4283 βασιλεῖ
773 4212 962 4285 καταράσδαα
994 4212 1148 4278 Sequuntur
1173 4209 1433 4281 coristi-yeremias:

260 4292 424 4378 α’ναγρᾶψαι
443 4309 493 4357 cct.
532 4304 657 4356 Acristus
677 4303 727 4354 hoc
746 4302 803 4355 loco
824 4301 881 4355 siue
900 4301 981 4354 dubio
997 4302 1083 4368 aptior
1102 4305 1184 4365 esset,
1204 4300 1255 4352 etsi
1269 4298 1391 4353 omnibus
1405 4298 1432 4350 in

261 4392 395 4448 codicibus
414 4393 462 4447 inf.
482 4408 569 4460 praes.
588 4391 698 4446 videtur
717 4396 834 4445 exstare.
1375 4398 1379 4406 '

368 4486 395 4550 2)
415 4483 449 4537 cf.
470 4483 551 4537 ctiam
570 4481 634 4536 XIV
644 4482 695 4548 2,1
710 4481 1103 4556 περιέβαλον-καταλελοίπασι.
