3306 5050
782 463 1000 536 ..70-

306 670 443 748 γνναῖκα
468 664 605 747 ἐπάγειν
629 670 721 734 nullo
747 670 813 734 alio
839 659 1142 751 loeo'inveniatur‚
1167 679 1277 738 tamen
1313 671 1482 737 sententia

305 780 483 844 verborum
519 779 697 855 perspicua
732 785 784 841 est
806 795 913 856 neque
939 777 1100 842 eiusmodi
1131 797 1161 844 v.
1187 773 1374 856 ἐπάγεσθαι
1398 799 1478 844 usus

293 887 467 950 ‚sermonis
491 885 624 965 legibus
660 886 850 950 contrarius
886 882 942 966 (cf.
980 886 1066 950 Plat.
1100 887 1229 951 Menex.
1262 890 1349 952 3381)
1375 888 1478 963 Gorg.

303 979 416 1075 492b).
1315 1007 1318 1014 ·

410 1100 481 1164 11111.
518 1119 587 1164 aor.
625 1119 697 1164 cum
729 1084 1479 1182 ατο.11111εοί11111119,4;ὧνφογάντον..

302 1203 534 1289 Σταβροβάτης
568 1197 608 1268 οά
643 1206 865 1285 καταπλαγεὶς
888 1203 1032 1291 ἐπήγαγε
1055 1202 1113 1278 τὰς
1135 1211 1201 1270 τῶν
1224 1207 1332 1281 πεζῶν
1356 1204 1474 1291 τάξεις,

302 1314 365 1378 XV
380 1319 431 1396 32,
445 1319 476 1379 4.
508 1313 625 1379 XVIII
641 1321 744 1397 17,4;
776 1324 861 1393 part.
895 1315 945 1379 XI
959 1321 1060 1397 55‚1:
1096 1309 1195 1377 αὐτὸν
1226 1319 1425 1399 μετέστησαν
1449 1341 1477 1382 τ.
1506 1331 1512 1346 ·

301 1415 522 1506 ὀστρακισμὸν
545 1420 582 1506 ε’,
606 1425 686 1488 XIV
703 1430 775 1505 111,
791 1431 820 1490 3.
847 1424 963 1489 XVIII
975 1430 1028 1506 45,
1046 1430 1073 1489 1.
1099 1431 1151 1506 26,
1166 1431 1195 1490 2.

406 1531 606 1610 imperfecto
631 1527 756 1614 ἐπῆγον
779 1551 889 1596 ααοαε.
914 1551 979 1596 non
1004 1533 1177 1611 appositus
1203 1541 1264 1613 est,
1292 1533 1350 1598 sed
1375 1532 1476 1597 facile

302 1639 389 1703 adici
415 1648 527 1717 potest
551 1639 613 1703 XV
628 1646 733 1721 69,2:
771 1635 803 1699 οἱ
844 1637 984 1701 Βοιωτοὶ
1022 1639 1134 1700 πᾶσαν
1156 1633 1216 1721 τῆν
1240 1635 1384 1718 δύναμιν
1407 1658 1478 1701 σοι·-

301 1742 458 1819 τάξαντες
481 1742 607 1829 ἐπῆγον
631 1742 689 1808 ἐπὶ
711 1739 771 1829 τῆν
788 1741 957 1827 Κόρινθον
974 1745 1256 1828 καταπληκτικοῖς,
1275 1746 1358 1811 XIX
1376 1754 1429 1829 83,
1448 1754 1478 1829 3,

302 1855 358 1918 ubi
384 1863 559 1932 praeterea
591 1846 817 1931 άντεπάγειν
848 1855 991 1934 legitur:
1024 1848 1085 1939 τῆν
1114 1848 1256 1931 δύναμιν
1286 1849 1480 1927 ἐκτάξαντες

301 1955 326 2024 ἐ.
352 1965 418 2030 τοῖς
449 1959 624 2039 πολεμίοις
659 1954 744 2039 μετὰ
778 1959 902 2044 πολλῆς
934 1963 1073 2041 κραυγῆς
1098 1952 1398 2038 ..άντεπαγάντιον
1422 1962 1477 2024 καὶ

302 2069 366 2128 τῶν
401 2067 570 2146 πολεμίοιν
604 2065 798 2146 ἱππομαχία
826 2071 970 2149 συνέστη.
1021 2071 1100 2132 Ace.
1126 2088 1189 2132 non
1230 2069 1399 2133 addendus
1423 2079 1476 2134 est

301 2174 400 2239 XVII
415 2181 487 2257 100,
503 2182 538 2239 6;
564 2167 604 2245 οἷς
629 2167 659 2237 ‹5'
682 2171 804 2258 ἐπῆγον
827 2169 989 2260 ἀλληλοις,
1014 2167 1031 2234 ὃ
1047 2174 1111 2253 μὲν
1124 2169 1290 2236 Μακεδών
1305 2227 1333 2240 ,.
1359 2170 1479 2258 λόγχην

299 2274 478 2364 ῆκόντισεν,
502 2274 519 2342 ὁ
544 2277 574 2344 δ’
598 2278 704 2366 ἕτερος
718 2334 747 2347 ..
773 2278 950 2356 ἐξένευσεν.

406 2392 486 2454 Αοτ,
524 2391 738 2456 intransitive
786 2392 916 2468 positus
959 2391 1130 2455 invenitur
1176 2391 1210 2454 Π
1227 2396 1328 2471 13,4;
1381 2384 1477 2460 αὐτὸς

302 2492 555 2582 (Σταβροβάτης)
582 2489 705 2580 ...την
727 2493 835 2582 μάχην
859 2494 917 2560 ἐπὶ
940 2500 999 2558 τοῦ
1023 2499 1193 2593 κράτιστον
1212 2500 1337 2579 θηρίον
1362 2494 1477 2560 ποινά-

302 2622 400 2681 μενος
423 2598 569 2686 ἐπήγαγε
592 2604 861 2688 καταπληκτικῶς
890 2600 948 2666 ἐπὶ
971 2598 1031 2689 τὴν
1054 2603 1251 2684 βασίλισσαν.
1300 2605 1371 2686 Quo
1401 2607 1476 2669 Ioco

307 2729 347 2774 ex
383 2712 442 2792 εἰν,
476 2731 559 2790 quae
595 2721 672 2777 ante
706 2714 880 2794 leguntur,
906 2714 1071 2776 obiectum
1095 2731 1160 2775 non
1184 2711 1366 2776 addendum
1391 2731 1476 2794 esse,

299 2819 433 2900 verbiS,
481 2839 564 2898 quae
616 2829 825 2901 sequuntur,
862 2829 1022 2898 apparet:
1084 2813 1122 2881 τὸ
1166 2812 1277 2880 δἀὐτὸ
1326 2818 1477 2879 καὶτῶν

299 2920 405 2986 ἄλλων
429 2920 615 3007 ἐλεφάντων
645 2922 865 3009 ποιησάντων.
914 2928 1074 3006 Suspicor
1104 2935 1213 2991 autem
1243 2944 1306 3004 pro,
1333 2920 1476 3008 ἐπῆγαγε

299 3032 390 3111 impf.
416 3029 518 3115 ἐπῆγε
544 3035 753 3100 scribendum
779 3053 851 3098 esse
876 3035 979 3099 eade
1005 3053 1115 3115 causa,
1133 3053 1228 3112 quam
1247 3052 1272 3097 s,
1286 3053 1317 3098 v.
1332 3025 1476 3110 α’πάγειν

300 3140 341 3203 ad
365 3140 451 3205 XIII
466 3147 553 3222 73‚4
577 3144 735 3224 exposui,
762 3144 850 3223 etsi,
876 3151 913 3206 111
938 3142 1052 3206 eodem
1077 3142 1150 3204 loco
1177 3141 1256 3221 dixi,
1282 3141 1378 3204 libris
1395 3159 1472 3205 νινε.

298 3266 363 3311 non
388 3257 544 3314 accurate
571 3249 716 3324 cognitis
741 3250 814 3313 eius
838 3248 926 3313 modi
951 3250 1044 3329 leges
1068 3249 1125 3314 vix
1151 3249 1232 3312 livet
1256 3249 1473 3312 constituere.

299 3354 363 3418 Sed
399 3357 530 3421 accedit
565 3359 627 3421 hoc
664 3358 748 3438 1000,
782 3357 868 3435 quod
905 3358 1003 3434 paulo
1040 3365 1117 3420 ante
1153 3349 1294 3436 ἐπήγαγε
1329 3350 1386 3423 τάς
1408 3356 1474 3414 τῶν

298 3462 409 3536 πεζῶν
447 3459 550 3536 τάξεις
589 3465 770 3546 invenitur,
811 3464 897 3543 quod
937 3483 1036 3528 causa
1075 3464 1202 3528 erroris
1242 3481 1315 3526 εεεν
1352 3462 1472 3539 potuit.

397 3571 488 3635 Part.
507 3590 614 3649 praes
633 3591 662 3638 v.
676 3566 949 3648 συνεπάγεσθαι
962 3571 1133 3637 invenitur
1155 3568 1314 3634 XXXIV.
1339 3567 1470 3632 XXXV

298 3674 319 3740 f.
335 3682 365 3757 2,
382 3683 436 3741 16:
462 3674 590 3758 ἐτέροος
614 3674 882 3758 σονεπαγόμενος
907 3673 1004 3764 ἐπηει
1028 3671 1087 3759 τῆν
1110 3672 1229 3758 χώραν.

404 3797 508 3864 κατά
517 3828 522 3866 :
563 3798 717 3882 κατάγειν
752 3804 838 3881 apud
875 3804 1056 3868 Diodorum
1094 3802 1263 3881 signifieat
1299 3801 1470 3882 ‚reducere

299 3908 386 3987 alqm
412 3907 459 3990 (in
483 3911 636 3992 patriam,
648 3930 798 3992 reguum,
817 3909 964 3989 similia).
989 3908 1084 3987 Impf.
1103 3910 1273 3974 invenitur
1290 3909 1350 3972 XV
1369 3913 1418 3988 13,
1433 3915 1471 3973 θε

298 4008 425 4097 πολλὴν
449 4011 590 4096 δύναμιν
624 4009 839 4099 άθροίσαντες
871 4014 1024 4096 ἐνέβαλον
1055 4010 1101 4086 εἰς
1139 4009 1199 4096 τὴν
1218 4011 1382 4093 Ἤπειρον
1415 4011 1474 4077 nai?

298 4123 438 4204 κατῆγον
472 4117 530 4184 τόν
566 4115 712 4187 Ἀλκέταν
747 4122 803 4188 ἐπὶ
838 4120 982 4209 τὴντῶν
1014 4122 1194 4186 Μολοττῶν
1217 4122 1395 4202 βασιλείαν.
1420 4116 1472 4183 οὔ·

299 4221 389 4298 ἐενές
413 4223 443 4290 δ’
461 4225 569 4301 αὐτοῖς
592 4237 807 4311 προσέχοντος
832 4227 1069 4313 ..ἐπόρθησαν
1092 4226 1151 4308 τῆν
1166 4227 1286 4311 χάραν,
1303 4231 1359 4294 ubi
1377 4230 1470 4307 impf.

300 4335 339 4399 de
364 4347 485 4402 conatu
510 4339 632 4404 dictum
659 4349 727 4412 εοες
753 4341 865 4404 eadem
884 4340 923 4403 de
941 4359 1040 4407 causa
1069 4338 1149 4403 XVI
1163 4346 1193 4419 2,
1208 4345 1237 4417 6,
1272 4336 1356 4401 XIX
1371 4343 1420 4417 11,
1435 4345 1470 4402 θι

297 4442 537 4526 Πολοοπερχαν
575 4442 717 4524 δύναμιν
766 4442 903 4530 ἤθροισε
926 4445 981 4508 καὶ
1020 4445 1160 4529 κατῆγεν
1195 4439 1404 4523 Ὀλυμπιάδα
1430 4479 1469 4488 —
