3306 5050
695 450 917 511 ,43-

225 647 316 711 Part.
351 645 476 728 legiiur
510 644 591 711 XIV
608 649 732 724 105,3:
767 637 909 728 ἠρίθμει
940 635 1016 712 τούς
1039 643 1309 724 καταβαίνοντας,
1335 641 1398 707 XV

223 759 327 838 65‚2:
368 747 631 841 καταβαινόντων
661 750 717 813 καὶ
754 746 991 831 διαβαινόντων
1039 745 1098 812 τὸν
1154 744 1309 829 ποταμὸν
1348 750 1383 831 (v
1464 782 1467 788 ·

222 860 344 943 supra).

331 967 401 1033 Iud.
426 986 491 1032 cor.
515 965 687 1032 invenitur
710 965 792 1031 VIII
806 963 846 1030 fr.
865 971 913 1049 12,
931 970 964 1028 l:
990 967 1171 1047 κατέβησαν
1188 944 1246 1026 οὖν
1263 962 1321 1027 ἐπὶ
1341 960 1400 1027 τὸν

223 1068 332 1153 α’γῶνα
357 1069 425 1158 δύο,
458 1080 541 1155 part.
569 1074 604 1139 II
620 1079 671 1154 25,
686 1079 722 1136 2:
754 1064 837 1150 μετὰ
871 1067 906 1134 δὲ
929 1073 1032 1134 ταῦτα
1057 1067 1161 1134 πάλιν
1184 1067 1400 1154 καταβάντων

224 1182 280 1244 καὶ
315 1182 662 1263 παρασκευαζομένων
697 1171 714 1240 ὁ
748 1174 1031 1261 Σαρδανάπαλλος
1070 1170 1286 1253 ἀντιτάξας..
1318 1201 1399 1261 προ-

224 1287 409 1369 απεστειλι,
448 1287 502 1353 ubi
538 1287 713 1368 participii
741 1292 820 1352 suni
844 1305 902 1366 pro
926 1288 1110 1368 κατεβησαν
1133 1287 1187 1348 καὶ
1211 1267 1400 1370 παρασκευ-

223 1392 361 1473 άζοιτο,
398 1396 553 1477 wisi.
590 1400 643 1475 ss,
657 1399 688 1460 4.
726 1397 821 1475 cci.
857 1393 940 1458 xlv
959 1398 1011 1473 33,
1027 1399 1054 1458 υ.
1094 1399 1222 1476 ricc:
1258 1387 1400 1476 καταβὰς

222 1487 309 1586 ’ᾗπερ
333 1495 433 1586 άνίβη
445 1553 453 1570 .
467 1548 475 1564 .
489 1495 708 1587 ἀνέστρεψεν,
722 1500 822 1566 XVII
839 1507 912 1576 109,
927 1509 963 1564 2:
988 1496 1168 1585 ἐτόλμησεν
1184 1495 1283 1573 αύτδς
1299 1522 1399 1564 κατα-

223 1605 282 1691 βάς
297 1657 325 1675 ..
351 1609 564 1692 παραδοῦναι
588 1610 796 1693 (καταβῆναι
819 1609 875 1671 καὶ
897 1609 1124 1691 παραδοῦναι)
1149 1609 1267 1674 iterum
1300 1629 1400 1690 prope

225 1724 311 1801 pert.
350 1736 454 1802 prees
489 1715 608 1782 XVIII
622 1723 674 1800 25,
690 1723 723 1780 2:
761 1710 942 1794 α’ναγκαῖον
977 1709 1038 1799 γᾴρ
1071 1696 1112 1797 ῆν
1144 1706 1164 1800 ἢ
1196 1711 1401 1797 καταβάντας

225 1825 481 1904 διαγωνίσασθαι
515 1819 536 1908 ῆ
571 1820 792 1900 ίπομένοντας
815 1824 1052 1906 διαφθαρῆναι,
1080 1830 1131 1906 35,
1147 1829 1184 1888 5:
1215 1817 1358 1905 καταβὰς
1372 1877 1399 1891 ..

225 1923 469 2017 α’πολογῆσατο;
501 1929 559 1997 inf.
588 1931 742 2012 illese
771 1932 804 1996 in
834 1950 879 1996 ον’.
910 1932 990 1997 obi:
1024 1932 1124 2013 φασὶν
1148 1928 1206 1994 ἐπὶ
1229 1927 1402 1994 θάλατταν

224 2040 415 2124 καταβῆναι,
441 2039 488 2104 IV
502 2044 555 2123 25,
569 2043 606 2104 4:
639 2040 822 2120 ταταβῆναι
845 2035 890 2110 εἰς
915 2030 996 2122 ᾅδου
1020 2034 1284 2122 ἐτύλμησε,ΧΙΧ
1299 2044 1350 2120 13,
1366 2045 1401 2103 5:

226 2138 396 2219 ἀξιοῦντες
418 2138 511 2228 ἥκειν
534 2145 615 2228 πρὶν
638 2134 659 2228 ἢ
683 2147 866 2229 καταβῆναι
889 2140 966 2216 τούς
989 2142 1172 2229 σατράπας.

332 2253 432 2318 Verbi
473 2247 798 2337 συγκαταβαίνειν,
843 2253 928 2334 quod
959 2253 1092 2319 notione
1123 2272 1187 2318 non
1221 2254 1401 2319 multuma

225 2362 438 2442 καταβαίνειν
473 2358 640 2427 diversum
679 2367 739 2443 est,
775 2359 866 2443 impf.
905 2367 1016 2426 exstat
1054 2361 1105 2426 XI
1134 2364 1182 2441 17,
1203 2365 1241 2424 4;
1282 2354 1300 2422 ὁ
1339 2360 1402 2440 μὲν

227 2467 451 2551 Θεμιστοκλῆς
475 2462 659 2551 περιχαρὴς
681 2448 722 2551 ῆν
746 2463 865 2530 καὶτὰ
889 2465 1005 2553 πλήθη
1030 2463 1253 2551 παρεκάλεσεν
1277 2463 1323 2539 είς
1345 2463 1404 2530 τὸν

223 2576 387 2658 κίνδυνον,
428 2571 460 2635 οἱ
495 2565 686 2660 δ’Ἕλληνες
722 2570 985 2659 θαρρήσαντες..
1021 2571 1207 2658 προθύμως
1242 2567 1311 2638 άπό
1346 2579 1402 2658 τῆς

226 2681 414 2761 Σαλαμῖνος
437 2683 690 2762 συγκατέβαινον
714 2677 763 2752 εἰς
785 2676 845 2761 τῆν
868 2684 1062 2761 ναυμαχίαν.
1093 2682 1220 2748 Deinde
1236 2691 1402 2763 narratur,

225 2809 291 2870 que
312 2788 442 2855 ratione
465 2790 553 2855 ecies
577 2788 741 2855 instructa
764 2788 874 2856 fuerit.
921 2787 1019 2870 Impi.
1055 2792 1307 2870 συγκατέβαινον
1342 2791 1403 2854 hoc

225 2896 296 2961 loco
320 2895 432 2960 eodem
461 2894 530 2961 sere
562 2895 654 2961 modo
686 2895 862 2961 adhibetur
894 2915 931 2961 ac
955 2914 1056 2978 supra
1078 2896 1165 2962 XIX
1179 2902 1231 2979 26,
1247 2904 1282 2962 7:
1307 2901 1402 2959 κατέ-

226 3006 318 3085 βαινε
332 3052 339 3066 .
353 3049 379 3068 ..
403 3002 559 3084 XX109‚
577 3007 612 3066 l:
642 2997 719 3064 rinei
751 2997 836 3086 πρὸς
858 2998 1047 3086 παράταξιν
1077 2995 1115 3065 ού
1139 3006 1401 3087 συγκατέβαινον,

226 3106 367 3194 ἔρξαντα
390 3105 651 3193 περιταφρεύειν
674 3105 733 3193 τῆν
749 3111 1008 3194 στρατοπεδείαν
1031 3109 1122 3191 Impf.
1141 3111 1301 3193 depingit,
1327 3130 1403 3192 quc-

229 3216 324 3282 modc
358 3215 414 3282 din
446 3217 714 3299 exspectaverim
747 3218 862 3284 hostes
886 3218 919 3284 in
945 3219 1045 3284 aciem
1072 3218 1286 3284 descensuros
1312 3238 1402 3293 esse;

226 3343 299 3390 cum
323 3341 389 3391 non
412 3342 448 3390 se
472 3324 667 3405 expedIreci
690 3326 731 3391 ad
749 3325 1020 3409 descendendum,
1039 3332 1148 3392 castra
1164 3327 1252 3392 vallo
1270 3325 1403 3407 cingere

228 3430 453 3497 instituerunt.

333 3536 398 3604 Inf.
434 3557 542 3620 praec.
577 3538 690 3605 notavi
714 3538 813 3604 XVII
835 3544 887 3621 20,
908 3546 944 3603 6:
981 3540 1215 3622 συνεβούλευον
1250 3535 1297 3624 μῆ
1331 3557 1405 3620 συγ-

227 3646 439 3726 καταβαίνειν
463 3639 509 3715 εἶς
531 3639 568 3707 τὸ
605 3647 743 3729 κρίνειν,
778 3645 897 3711 XVIII
911 3647 962 3727 14,
984 3653 1018 3708 5:
1053 3641 1276 3730 ἠναγκάζοντο
1307 3664 1333 3713 σ.
1358 3645 1404 3719 εἰς

225 3745 285 3814 τὸν
296 3752 458 3834 κίνδυνον,
473 3752 592 3818 XXVI
609 3753 648 3818 fr.
663 3759 692 3836 3,
709 3758 745 3817 l:
772 3744 912 3835 Ἀννίβας
927 3749 1085 3837 ἐπειρᾶτο
1099 3800 1107 3818 .
1122 3801 1130 3817 .
1147 3751 1403 3834 συναναγκάζειν

230 3853 277 3928 εἰς
299 3853 361 3942 τῆν
384 3854 437 3921 διά
462 3854 567 3942 μάχης
603 3862 708 3942 κρίσιν
732 3876 767 3944 σ.,
806 3867 889 3941 part.
924 3861 986 3926 XV
1002 3864 1103 3941 326:
1130 3857 1168 3924 οὐ
1191 3867 1404 3944 συγκαταβαι-

228 3961 353 4028 νόντων
376 3968 440 4028 των
466 3968 620 4050 Θηβαίων
643 3961 703 4050 τῆν
727 3962 876 4049 φάλαγγα
900 3970 965 4032 των
988 3967 1093 4041 πεζῶν
1117 3963 1272 4054 άπῆγαγι.

333 4092 401 4157 Nec
426 4091 532 4157 mInus
557 4110 653 4172 quarn
677 4093 727 4156 his
753 4093 833 4158 Iocis
857 4111 910 4158 res
931 4094 1104 4174 perspicua
1127 4101 1179 4161 est
1202 4096 1260 4180 eis,
1285 4096 1403 4177 quibus

229 4198 373 4264 norisius
403 4198 581 4280 reperitur,
613 4199 706 4265 velut
733 4199 862 4286 XVIII,
879 4205 914 4264 3:
943 4195 1001 4271 τάς
1023 4197 1178 4280 δυνάμεις
1204 4199 1404 4276 ἐκτάξαντες

227 4308 467 4391 συγκατὲβησαν
491 4300 674 4385 προθύμως
697 4302 754 4368 ἐπὶ
778 4300 837 4391 τῆν
862 4303 980 4391 μάχην.
1027 4308 1159 4376 Pariter·
1184 4310 1248 4375 iud.
1280 4310 1404 4392 legitur

229 4418 313 4498 34,1
341 4419 376 4481 et
388 4415 419 4476 4.
444 4414 544 4480 XVII
558 4419 611 4496 98,
628 4420 667 4478 2:
701 4408 739 4478 ού
769 4408 835 4498 μῆν
863 4418 1105 4502 συγκατέβησαν
1133 4413 1180 4488 είς
1202 4415 1402 4502 παράταξιν,
