3264 5050
649 453 871 518 ..27-.

168 652 239 718 eins
271 651 336 732 rei,
369 668 453 732 quae
485 650 599 716 verbis
632 645 672 714 τοὶ
704 646 786 734 ἐθνη
810 645 909 736 ἐπῄει
934 667 1091 730 expressa
1115 645 1184 728 usi,
1209 656 1259 714 est
1282 651 1348 711 τῶν

168 755 275 823 ἄλλων
306 751 465 822 ἁπάντων
497 752 605 840 κύριος
638 754 774 836 ἐγένετο.
821 759 994 840 Leguntur
1027 763 1199 836 praeterea
1230 757 1348 837 impor-

169 867 258 934 fecta
283 866 370 931 XIII
394 871 446 946 44,
466 870 502 930 6:
537 860 634 951 ἐπῄει
657 858 861 950 τὴυΛιβυην
886 858 1122 942 ἐπιλεγόμενος
1142 857 1216 935 τούς
1240 866 1348 947 κρατί-

169 995 264 1045 οτους
287 974 341 1036 καὶ
355 1025 381 1037 ..
405 967 679 1058 παρεσκευάζετο,
697 979 751 1057 47,
771 979 802 1038 7:
826 967 922 1058 ἐπῄει
945 966 1004 1042 τὰς
1019 967 1133 1042 πόλεις
1149 972 1205 1034 καὶ
1228 968 1349 1056 ἐπροίτ-

168 1103 244 1146 τετο
272 1077 432 1164 χρηματα,
470 1086 522 1162 80,
541 1086 574 1145 2;
607 1087 680 1161 post
711 1063 803 1143 οὗτοι
837 1075 1016 1164 ἐπεμψανῑ
1057 1074 1151 1142 αὐτοὶ
1192 1075 1351 1168 δ’ἐπῄσαν

170 1185 231 1273 την
263 1183 395 1271 Λιβύην
431 1182 706 1270 καταγράφοντες,
751 1192 823 1263 113,
842 1194 876 1252 3:
908 1182 1084 1256 Διονύσιος
1107 1179 1261 1249 ἐπελθών
1292 1180 1351 1270 τὴν

172 1293 273 1360 πόλιν
297 1350 305 1365 ,
331 1349 337 1362 ,
362 1347 368 1360 .
392 1287 501 1358 α’νεῖλε
533 1296 588 1357 καὶ
616 1290 712 1381 ἐπῄει
740 1288 798 1365 τὰς
827 1290 949 1370 οἰκίας,
979 1294 1033 1358 ubi
1063 1295 1162 1359 simili
1187 1295 1228 1359 de
1252 1313 1353 1359 cansa

173 1425 212 1471 ευ
241 1424 342 1487 supra
375 1399 520 1488 [1221]
553 1401 643 1484 impf.
674 1408 750 1484 post
774 1420 841 1468 aur.
873 1402 1014 1482 positum
1047 1410 1106 1467 est.
1153 1402 1222 1466 Νεο
1245 1403 1352 1466 miuus

173 1512 287 1578 eadem
312 1511 350 1574 du
374 1528 472 1574 eausa
497 1511 638 1589 scriptor
662 1509 769 1576 utitur
792 1509 981 1590 imperfecto
1005 1508 1089 1573 XIV
1116 1515 1166 1589 17,
1187 1514 1240 1572 ll:
1277 1501 1293 1570 ὁ
1319 1508 1353 1571 δέ

173 1620 363 1688 Παυσανίας
386 1612 463 1679 τότε
486 1613 550 1695 μέν
574 1612 667 1679 ἔλυσε
689 1612 750 1698 τὴν
774 1616 980 1701 πολιορκίαν,
1005 1608 1088 1695 μετὰ
1107 1615 1142 1678 δὲ
1156 1610 1250 1678 ταῦτ’
1267 1608 1354 1699 δρῶν

174 1723 295 1811 ἐργώδη
319 1720 379 1809 τὴν
403 1725 526 1789 αλωσιν
543 1704 643 1787 οὖσαν
660 1719 756 1812 ἐπῄει
772 1727 914 1807 πορθῶν
931 1725 986 1786 καὶ
1002 1726 1152 1806 φθείρων
1167 1717 1228 1808 τὴν
1244 1719 1353 1807 χώραν

175 1827 267 1918 ἱεράν
296 1813 396 1895 οὖσαν
426 1832 481 1894 καὶ
509 1825 729 1914 παμπλήθεις
758 1824 914 1914 ὠφελείας
936 1827 1102 1915 ἤθροισεν,
1150 1839 1202 1916 62,
1222 1838 1256 1895 5:
1279 1827 1354 1893 τότε

175 1940 237 2021 μὲν
264 1934 373 2019 ἐπῆγε
407 1934 467 2023 τὴν
496 1935 652 2025 δύναμιν,
689 1934 772 2019 μετὰ
812 1938 847 2002 δέ
879 1941 981 2002 ταῦτα
1012 1934 1071 2022 τὴν
1103 1934 1213 2022 χῶραν
1245 1934 1351 2026 ἐπῄει.

173 2049 299 2114 Iterum
323 2049 413 2114 inter
437 2045 579 2113 aoristns
603 2047 768 2126 reperitur
807 2051 859 2128 94,
880 2053 914 2110 3:
955 2043 1056 2109 εἴκοσι
1087 2045 1148 2126 μέν
1180 2047 1236 2109 καὶ
1266 2053 1354 2129 τρεῖς

177 2151 322 2240 τριήρεις
354 2149 594 2237 διεφθοίρησαν.
646 2148 731 2234 μετὰ
763 2152 797 2217 δέ
824 2155 889 2216 τῶν
918 2154 1045 2216 λοιπῶν
1069 2154 1240 2224 διασωθεὶς
1264 2151 1358 2241 ἐπῄει

176 2256 233 2334 τὰς
269 2256 350 2325 κατὰ
381 2255 441 2344 τὴν
465 2264 595 2342 Λέσβον
628 2257 743 2332 πόλεις
771 2256 1031 2358 προσαγόμενος;
1066 2261 1216 2342 sequitur
1239 2262 1357 2328 deIudu

178 2377 215 2436 4:
247 2366 438 2453 ἐπισυνηφε
468 2364 605 2452 μα’χην,
640 2375 693 2451 99,
712 2375 744 2434 2;
778 2359 870 2440 οὗτος
894 2367 957 2448 μέν
982 2371 1138 2452 (Θίβρων)
1162 2420 1168 2432 .
1195 2419 1200 2434 .
1226 2364 1358 2456 ,ἐπῄει

178 2473 238 2558 τὴν
261 2477 320 2538 τοῦ
343 2474 499 2557 βασιλέως
521 2471 631 2560 χώραν
655 2479 821 2562 φθείρων,
846 2472 1018 2560 Στρούθας
1044 2475 1121 2544 δέ..
1147 2529 1153 2542 .
1179 2494 1355 2560 κατεστρα-

179 2583 372 2660 τοπέδευσε,
398 2601 460 2663 quo
487 2583 558 2650 loco
591 2585 715 2664 pariter
747 2603 785 2649 uc
817 2602 918 2664 supra
951 2585 1042 2665 prior
1064 2584 1151 2650 actio
1175 2590 1353 2666 permanet,

180 2711 251 2757 cum
287 2693 394 2757 ultera
422 2689 488 2755 fiat.
534 2692 583 2758 uf.
614 2697 785 2772 unauoeres
818 2692 918 2757 XVII
951 2698 1002 2777 70,
1021 2698 1056 2756 2:
1097 2687 1130 2752 οί
1166 2688 1362 2762 Μακεδόνες

179 2795 216 2862 τέ
246 2799 355 2885 πῄσαν
377 2792 453 2867 τοὺς
475 2793 598 2882 ἄνδρας
621 2794 826 2882 φονεύοντες,
852 2797 966 2864 XVIII
991 2805 1044 2880 52,
1071 2805 1102 2865 8.
1128 2798 1213 2864 XIX
1246 2805 1298 2882 72,
1330 2808 1360 2877 4.

181 2910 233 2988 76,
264 2915 288 2971 I.
328 2912 383 2981 85,
404 2911 434 2970 4.
471 2905 539 2971 ΧΧ
570 2911 622 2988 25,
645 2911 684 2971 4;
717 2901 815 2992 ἐπῄει
846 2900 974 2977 πάντας
1009 2901 1083 2976 τούς
1113 2902 1149 2996 ἐν
1175 2912 1245 2976 ταῖς
1275 2899 1362 2976 ὁδοῖς

181 3009 397 3083 α’παντῶντας
430 3007 665 3094 ἀποσφάττων,
708 3013 858 3078 XXXIV
897 3023 930 3078 ei
964 3014 1109 3094 XXXV,
1161 3011 1200 3078 fr.
1242 3019 1276 3099 2,
1310 3020 1360 3079 16.

181 3121 331 3186 XXXVI
358 3126 387 3204 2,
403 3125 435 3186 4.
855 3131 858 3136 ⁴

290 3245 480 3312 Infinitivus
514 3265 620 3327 praes.
654 3246 777 3327 legitur
806 3247 942 3324 V77,4
973 3247 1005 3311 in
1035 3247 1185 3312 oratione
1210 3247 1361 3326 obliqua:

181 3356 245 3417 τῶν
270 3349 329 3437 γὰρ
353 3355 443 3415 θεῶν
465 3369 545 3434 φασι
567 3347 642 3424 τούς
666 3353 838 3425 πλείστους
862 3349 898 3416 ἐκ
924 3357 980 3438 τῆς
1003 3349 1131 3436 Κρήτης
1152 3347 1363 3438 ὁρμηθέντας

183 3456 315 3522 ἐπιέναι
349 3455 457 3523 πολλὰ
493 3465 576 3544 μέρη
610 3464 666 3545 της
704 3457 898 3546 οἰκουμένης
940 3456 1190 3544 εὐεργετοῦντας
1225 3514 1231 3527 .
1264 3508 1271 3524 .
1308 3463 1364 3525 καί

183 3563 419 3647 μεταδιδόντας
444 3621 451 3634 .
476 3620 482 3632 .
507 3564 686 3653 Δήμητραν
714 3567 776 3648 μέν
805 3562 866 3648 γὰρ
891 3572 1138 3651 περαιωθεῖσαν
1169 3563 1299 3653 ἐπᾶραι
1324 3621 1330 3635 .
1356 3620 1363 3651 ,

183 3680 253 3740 tum
295 3674 508 3757 παραδοῦσαν
548 3676 603 3737 καὶ
633 3725 671 3740 ..
710 3671 888 3751 διδάξασαν
925 3727 962 3740 ..
998 3682 1118 3754 τυχεῖν.
1164 3676 1363 3758 imperfecto

185 3791 295 3849 autem
336 3789 481 3862 tempore
524 3782 687 3849 Diodorus
728 3783 848 3865 utitur,
888 3793 925 3850 ut
965 3784 1230 3850 consuetudinem
1270 3787 1364 3865 quasi

186 3890 318 3955 deorum
354 3889 529 3971 depingat,
573 3891 724 3972 singulae
762 3909 818 3956 rus
861 3891 978 3956 deinde
1015 3891 1137 3957 aoristo
1177 3899 1364 3958 narrantur.

185 3998 346 4063 Praetura
369 4002 480 4063 exstat
517 3996 567 4062 ins
597 3998 646 4063 XI
678 4004 730 4073 36,
749 4006 787 4062 ti:
814 3993 967 4072 δόξαντες
990 3991 1050 4060 τὸν
1079 3995 1202 4082 Ξερξην
1231 3995 1364 4062 ἐπιέναι

186 4100 595 4188 ἐφοβήθησανΡευίῑαέρία
609 4123 712 4186 praes.
732 4098 1236 4191 inveuiunt11r1V2‚5:(Auinvoo‘n
1252 4111 1365 4190 φασιν)

187 4207 326 4275 ἐπιόντα
350 4207 465 4290 σχεδὸν
481 4205 560 4296 ὅλην
587 4205 647 4295 τὴν
675 4208 873 4297 οἰκουμένην
888 4208 1008 4296 τυλλην
1023 4208 1131 4296 χῶραν
1148 4209 1366 4298 ἐξημερῶσαι,

188 4320 226 4384 ef.
252 4327 304 4404 57,
323 4325 356 4384 8:
381 4315 555 4389 ἐπιόντες.
581 4366 588 4382 .
613 4314 745 4381 ἐδέοντο
770 4319 925 4392 δέξασθαι
947 4322 1030 4403 σφᾶς
1054 4311 1181 4404 αὐτούς,
1207 4323 1260 4386 III
1285 4330 1313 4405 3,
1334 4329 1366 4387 l:
