3308 5048
750 406 987 471 -16—'

274 592 466 683 στρόφησαν
492 602 547 664 καὶ
571 602 728 684 περὶτῆς
752 595 943 684 ἐλευθερίας
967 597 1118 681 ἐκθύμως
1142 592 1346 685 ἠγωνίζοντο.
1384 602 1447 665 Im·

273 706 459 785 perfectum
499 709 640 774 aoristus
673 707 853 789 perfectum
879 710 975 774 simul
1004 709 1219 775 inveniuntur
1254 707 1446 789 xillae:

274 813 339 889 ζῶν
368 812 430 893 μὲν
459 807 498 876 οδ
522 815 670 878 διέλιπεν
694 811 991 896 ἐπιβουλευόμενος
1024 815 1080 878 καί
1108 807 1310 894 α’ναχκόζετο
1334 819 1448 896 φέρειν

277 920 429 1003 σιδηροῦν
448 917 596 1006 θώρακα,
617 918 808 1006 τελευτήσας
830 921 864 985 δὲ
894 960 921 968 -
942 921 1170 988 καταλέλοιπε.
1205 922 1275 1006 Quo
1300 921 1448 1001 exemplo

276 1028 455 1110 singularis
487 1029 583 1095 huius
608 1030 777 1110 scriptoris
801 1047 879 1094 usus
904 1032 985 1096 bene
1017 1029 1213 1107 illustratur,
1248 1047 1307 1094 nec
1341 1036 1448 1093 tamen

275 1153 376 1200 eausa
399 1141 459 1217 est,
485 1156 543 1201 cur
566 1135 776 1203 offendamus.
811 1138 892 1201 Nam
914 1155 1106 1217 quamquam
1129 1154 1323 1216 persuasum
1345 1137 1449 1200 habeo

276 1242 361 1324 apud
386 1249 518 1308 veteres
551 1244 729 1324 scriptores
763 1245 894 1310 Atticos
925 1243 1052 1309 nullum
1076 1251 1209 1309 exstare
1238 1243 1361 1324 locum,
1395 1241 1448 1321 qui

275 1348 360 1414 omni
399 1367 440 1415 ex
479 1355 574 1430 parte
612 1351 687 1415 huic
725 1356 932 1431 comparetur
971 1387 1012 1396 -
1052 1351 1261 1432 paucissimis
1285 1351 1369 1415 enim
1417 1349 1449 1412 in

275 1456 386 1521 vverbis
424 1466 473 1521 ter
509 1465 640 1537 tempus¹
673 1462 818 1522 mutatur
850 1494 903 1540 -,
934 1465 1042 1522 tamen
1075 1457 1175 1522 nihilo
1201 1457 1305 1522 minus
1330 1456 1450 1537 optime

276 1583 330 1629 res
355 1564 515 1647 explicari
542 1572 657 1645 potest.
706 1566 849 1630 Primum
884 1565 986 1650 enim,
1022 1572 1057 1630 ut
1082 1565 1189 1629 omnia
1214 1565 1306 1644 quasi
1333 1564 1448 1646 paucis

276 1671 564 1753 complecteretur,
605 1672 770 1738 Diodorus
810 1672 958 1753 scripsit:
996 1667 1192 1758 [Arantinos]
1231 1663 1270 1733 οδ
1302 1670 1448 1733 διέλιπεν

277 1774 596 1863 ε’πιβομλευόμενος,
629 1787 696 1845 tum
731 1799 796 1845 rem
829 1780 965 1846 minoris
989 1781 1144 1845 momenti
1169 1779 1340 1855 narravit,
1366 1797 1449 1858 quae

278 1887 447 1968 superiore
493 1886 657 1968 efficitur,
703 1887 799 1968 idque
837 1885 1045 1968 imperfecto:
1085 1880 1288 1970 ἠναγκάζετο
1338 1890 1451 1969 φερειν

278 1993 434 2077 σιδηροῦν
468 1989 616 2077 θώρακα,
654 1995 794 2076 denique
829 2013 867 2059 ea
902 1993 996 2078 dixit,
1033 2013 1115 2074 quae
1151 2013 1253 2074 usque
1289 1995 1331 2058 ad
1359 2012 1448 2059 suam

279 2108 420 2168 aetatem
455 2113 719 2183 permanserunt:
751 2097 942 2185 τελευτήσας
980 2103 1212 2171 καταλέλοιπε.
1268 2103 1354 2168 Sane
1389 2103 1449 2168 hoc

280 2211 349 2275 loco
375 2209 521 2275 dubItari
545 2209 631 2275 licet.
679 2211 760 2274 Nam
787 2210 922 2290 primum
949 2217 1078 2276 constat
1102 2211 1135 2275 in
1167 2211 1291 2276 talibus
1323 2215 1450 2275 contro-

280 2315 408 2398 versiis,
423 2317 530 2397 quails
546 2318 625 2382 haec
641 2323 703 2398 est,
719 2325 827 2383 utrum
845 2316 990 2380 διέλιπεν
1006 2337 1046 2382 an
1061 2318 1230 2381 διέλειπεν
1246 2317 1452 2383 scribendum

279 2425 333 2508 sit,
360 2425 588 2490 auctoritatem
613 2425 761 2491 codicum
786 2444 848 2490 non
876 2425 1011 2491 multum
1036 2428 1157 2493 valere.
1205 2425 1343 2508 Deinde,
1369 2423 1453 2504 quod

279 2531 508 2618 gravissimum
545 2539 605 2612 est,
643 2532 734 2598 verbi
771 2531 954 2595 διαλείπειν
990 2552 1061 2598 cum
1106 2533 1237 2597 notione
1282 2531 1452 2598 desinendi

280 2639 447 2721 plerisque
477 2639 558 2706 locis
591 2639 723 2706 videtur
754 2639 981 2720 imperfectum
1006 2641 1083 2722 legi,
1109 2659 1172 2706 non
1196 2640 1351 2703 aoristus.
1387 2635 1451 2701 Sed

282 2767 352 2812 cum
386 2747 528 2812 aoristus
559 2748 641 2812 bene
672 2765 706 2812 se
731 2748 860 2829 lrabeat,
895 2766 953 2812 nec
984 2756 1159 2825 antequam
1188 2763 1273 2810 nova
1305 2742 1452 2808 codicum

282 2853 413 2919 collatio
438 2853 513 2920 inde
537 2873 556 2918 a
580 2854 663 2920 libro
688 2851 777 2919 XIII
801 2855 833 2918 ln
859 2855 959 2919 lucem
978 2853 1068 2918 edita
1084 2858 1145 2934 est,
1172 2849 1378 2932 perspicuum
1398 2849 1452 2931 sit,

283 2962 359 3043 quid
386 2962 446 3026 hoc
470 2967 503 3026 et
529 2961 602 3026 aliis
626 2961 707 3026 locis
723 2962 756 3025 in
778 2960 944 3026 codicibus
963 2961 1101 3044 legatur,
1127 2960 1285 3024 sceletum
1302 2956 1454 3019 διέλιπον

283 3071 441 3137 intactum
466 3069 651 3150 relinquere
676 3070 794 3134 malim.
818 3069 894 3133 Etsi
918 3069 1014 3146 enim,
1033 3075 1069 3132 ut
1090 3066 1287 3147 supradixi,
1312 3063 1453 3130 auctori-

284 3178 346 3243 tati
372 3177 518 3242 codicum
550 3176 611 3242 hac
643 3176 676 3241 in
709 3194 745 3242 re
771 3194 831 3241 nnn
858 3177 994 3241 multum
1021 3175 1228 3239 tribuendum
1252 3179 1312 3258 est,
1348 3180 1455 3238 tamen

285 3285 312 3350 si
338 3285 461 3350 nullum
487 3284 575 3348 aliud
601 3284 823 3350 testimonium
848 3282 1033 3365 invenitur,
1059 3281 1196 3362 optimos
1227 3281 1330 3346 libros
1361 3281 1455 3360 sequi

285 3411 415 3459 necesse
440 3398 500 3458 est.
545 3393 622 3457 Alia
658 3393 805 3471 exempla
840 3393 998 3473 leguntur
1021 3389 1108 3455 XIII
1129 3395 1182 3466 39,
1204 3395 1233 3454 l:
1269 3370 1360 3450 οὗτοι
1394 3386 1457 3466 μεῖν

286 3480 344 3563 οὖν
368 3500 446 3583 περὶ
469 3503 572 3563 ταῦτα
603 3499 773 3582 διέτριβον,
821 3499 992 3579 Μίνδαρος
1019 3492 1048 3560 δ
1051 3491 1228 3566 ἐκπλεύσας
1259 3491 1305 3566 είς
1327 3487 1456 3577 Ἑλλήσ-

285 3629 413 3673 ποντον
448 3604 617 3687 ἐκομίζετο
650 3600 731 3669 κατὰ
763 3602 910 3689 σπουδὴν
945 3607 1000 3668 καὶ
1029 3605 1215 3687 δευτεραῖος
1246 3598 1291 3673 εἰς
1328 3605 1457 3680 Σίγειον

287 3716 521 3799 accendendam
547 3722 599 3800 50,
625 3721 656 3778 l:
695 3705 792 3776 αὐτοί
823 3713 981 3776 διείλοντο
1019 3704 1057 3775 τδ
1100 3707 1255 3775 ναυτικὸν
1301 3706 1347 3778 εἰς
1383 3711 1458 3791 τρία

286 3829 369 3909 μέρη
409 3824 464 3885 καὶ
501 3824 560 3885 τοῦ
598 3820 661 3901 μὲν
700 3800 798 3905 ἦρχεν
821 3868 828 3883 .
855 3865 863 3882 .
888 3819 938 3900 (et
977 3819 1051 3884 huic
1098 3819 1186 3900 parti
1234 3818 1458 3897 praeerat..)

288 3939 341 4016 47,
355 3937 388 3996 4;
422 3924 542 4014 διόπερ
567 3927 602 3991 αἱ
625 3923 741 3997 πόλεις
764 3922 845 4008 πρὸς
868 3921 926 4009 τὴν
950 3921 1102 4004 διοίχωσιν
1126 3920 1380 4008 ἐπερρώσθησαν
1405 3924 1460 3984 καὶ

289 4032 370 4123 πρὸς
409 4032 548 4121 οἷλλήλας
574 4030 773 4120 ἡμιλλῶντο;
820 4041 874 4110 48,
899 4041 935 4100 8;
971 4032 1056 4103 τινὲς
1088 4033 1288 4116 φρονοῦντες
1321 4025 1361 4093 τὰ
1397 4032 1461 4093 τῶν

289 4142 440 4229 φοχόδων
493 4140 711 4224 κατελάβοντο
761 4135 820 4225 τὴν
872 4135 995 4224 οἷχοροὶν
1042 4141 1097 4202 καὶ
1154 4132 1461 4234 μεταπεμψόμενοι

289 4248 364 4324 τοὺς
387 4248 531 4333 φυγάδας
566 4251 644 4333 περὶ
678 4252 741 4312 τῶν
785 4239 867 4312 iton
898 4243 1100 4333 ἠγωνίζοντο,
1130 4245 1220 4315 τέλος
1244 4238 1278 4307 δέ
1304 4279 1319 4292 -
1344 4235 1461 4328 ἡλθον;

292 4370 343 4446 63,
359 4369 393 4427 3:
417 4361 472 4444 τῆς
496 4355 620 4428 πόλεως
644 4362 744 4440 μέρος
771 4353 907 4434 ἐτείχισε
951 4357 1005 4417 καὶ
1041 4346 1259 4428 πανταχόθεν
1290 4347 1462 4414 κατεκάλει

289 4464 364 4544 τοὺς
387 4449 641 4550 διασωζομένους
678 4469 743 4532 τῶν
773 4464 1023 4545 Σελινουντίων,
1050 4461 1105 4528 ubi
1130 4455 1345 4540 πανταχόθεν
1368 4477 1462 4540 prae-
