<?xml version="1.0" encoding="UTF-8"?>
<!DOCTYPE html PUBLIC "-//W3C//DTD XHTML 1.0 Transitional//EN"
    "http://www.w3.org/TR/xhtml1/DTD/xhtml1-transitional.dtd">
<html xmlns="http://www.w3.org/1999/xhtml" xml:lang="en" lang="en">
 <head>
  <title>
</title>
<meta http-equiv="Content-Type" content="text/html;charset=utf-8" />
  <meta name='ocr-system' content='tesseract 3.04.00' />
  <meta name='ocr-capabilities' content='ocr_page ocr_carea ocr_par ocr_line ocrx_word'/>
</head>
<body>
  <div class='ocr_page' id='page_1' title='image "./deelocutionedio00hultgoog_0067.png"; bbox 0 0 3306 5050; ppageno 0'>
   <div class='ocr_carea' id='block_1_1' title="bbox 759 427 975 486">
    <p class='ocr_par' dir='ltr' id='par_1_1' title="bbox 759 427 975 486">
     <span class='ocr_line' id='line_1_1' title="bbox 759 427 975 486; baseline 0.005 -21"><span class='ocrx_word' id='word_1_1' title='bbox 759 427 975 486; x_wconf 57' lang='lat'><strong>„54-</strong></span> 
     </span>
    </p>
   </div>
   <div class='ocr_carea' id='block_1_2' title="bbox 268 610 1466 4466">
    <p class='ocr_par' dir='ltr' id='par_1_2' title="bbox 268 610 1465 3265">
     <span class='ocr_line' id='line_1_2' title="bbox 284 610 1457 702; baseline 0 -23"><span class='ocrx_word' id='word_1_2' title='bbox 284 612 402 699; x_wconf 74' lang='grc' dir='ltr'><em>εχοὶρει</em></span> <span class='ocrx_word' id='word_1_3' title='bbox 426 611 465 679; x_wconf 83' lang='grc' dir='ltr'><strong>τὰ</strong></span> <span class='ocrx_word' id='word_1_4' title='bbox 490 612 678 698; x_wconf 74' lang='grc' dir='ltr'><em>πράγματα,</em></span> <span class='ocrx_word' id='word_1_5' title='bbox 693 610 874 702; x_wconf 79' lang='grc' dir='ltr'><em>συνήγαγον</em></span> <span class='ocrx_word' id='word_1_6' title='bbox 898 612 933 690; x_wconf 81' lang='grc' dir='ltr'><strong>ἐξ</strong></span> <span class='ocrx_word' id='word_1_7' title='bbox 957 610 1094 680; x_wconf 79' lang='grc' dir='ltr'><em>ἁπασῶν</em></span> <span class='ocrx_word' id='word_1_8' title='bbox 1116 621 1182 680; x_wconf 77' lang='grc' dir='ltr'><em>τῶν</em></span> <span class='ocrx_word' id='word_1_9' title='bbox 1206 614 1336 680; x_wconf 84' lang='grc' dir='ltr'><em>πόλεων</em></span> <span class='ocrx_word' id='word_1_10' title='bbox 1364 636 1457 699; x_wconf 81' lang='lat' dir='ltr'><strong>urpa-</strong></span> 
     </span>
     <span class='ocr_line' id='line_1_3' title="bbox 283 718 1458 807; baseline 0.003 -20"><span class='ocrx_word' id='word_1_11' title='bbox 283 719 401 794; x_wconf 77' lang='grc' dir='ltr'><em>ταύτας</em></span> <span class='ocrx_word' id='word_1_12' title='bbox 425 720 471 793; x_wconf 82' lang='grc' dir='ltr'><strong>εἰς</strong></span> <span class='ocrx_word' id='word_1_13' title='bbox 496 720 673 804; x_wconf 68' lang='grc' dir='ltr'><em>Κὸρινθον,</em></span> <span class='ocrx_word' id='word_1_14' title='bbox 722 724 792 806; x_wconf 78' lang='lat' dir='ltr'><strong>Quo</strong></span> <span class='ocrx_word' id='word_1_15' title='bbox 817 727 891 789; x_wconf 87' lang='lat' dir='ltr'><strong>loeo</strong></span> <span class='ocrx_word' id='word_1_16' title='bbox 915 718 952 786; x_wconf 76' lang='grc' dir='ltr'><strong>τὸ</strong></span> <span class='ocrx_word' id='word_1_17' title='bbox 985 725 1152 807; x_wconf 73' lang='grc' dir='ltr'><strong><em>συνέδριον</em></strong></span> <span class='ocrx_word' id='word_1_18' title='bbox 1188 720 1360 804; x_wconf 72' lang='grc' dir='ltr'><em>ἀγαγόντες</em></span> <span class='ocrx_word' id='word_1_19' title='bbox 1393 747 1458 790; x_wconf 89' lang='lat' dir='ltr'><strong>non</strong></span> 
     </span>
     <span class='ocr_line' id='line_1_4' title="bbox 287 827 1459 915; baseline -0.002 -19"><span class='ocrx_word' id='word_1_20' title='bbox 287 842 380 897; x_wconf 89' lang='lat' dir='ltr'><strong>reete</strong></span> <span class='ocrx_word' id='word_1_21' title='bbox 397 832 557 897; x_wconf 89' lang='lat' dir='ltr'><strong>traditum</strong></span> <span class='ocrx_word' id='word_1_22' title='bbox 576 850 649 896; x_wconf 90' lang='lat' dir='ltr'><strong>esse</strong></span> <span class='ocrx_word' id='word_1_23' title='bbox 662 831 807 912; x_wconf 74' lang='lat' dir='ltr'><strong>videtur,</strong></span> <span class='ocrx_word' id='word_1_24' title='bbox 826 833 978 912; x_wconf 73' lang='lat' dir='ltr'><strong>primum,</strong></span> <span class='ocrx_word' id='word_1_25' title='bbox 994 833 1080 911; x_wconf 90' lang='lat' dir='ltr'><strong>quod</strong></span> <span class='ocrx_word' id='word_1_26' title='bbox 1092 827 1459 915; x_wconf 72' lang='grc' dir='ltr'><strong>συνέδριουαγυγόυτες</strong></span> 
     </span>
     <span class='ocr_line' id='line_1_5' title="bbox 286 919 1458 1022; baseline 0.003 -20"><span class='ocrx_word' id='word_1_27' title='bbox 286 940 416 1004; x_wconf 89' lang='lat' dir='ltr'><strong>omnino</strong></span> <span class='ocrx_word' id='word_1_28' title='bbox 443 938 509 1002; x_wconf 88' lang='lat' dir='ltr'><strong>diei</strong></span> <span class='ocrx_word' id='word_1_29' title='bbox 533 958 598 1002; x_wconf 92' lang='lat' dir='ltr'><strong>non</strong></span> <span class='ocrx_word' id='word_1_30' title='bbox 623 947 734 1017; x_wconf 87' lang='lat' dir='ltr'><strong>potest</strong></span> <span class='ocrx_word' id='word_1_31' title='bbox 758 939 816 1002; x_wconf 86' lang='lat' dir='ltr'><strong>sed</strong></span> <span class='ocrx_word' id='word_1_32' title='bbox 841 940 946 1002; x_wconf 91' lang='lat' dir='ltr'><strong>solum</strong></span> <span class='ocrx_word' id='word_1_33' title='bbox 959 935 1202 1021; x_wconf 74' lang='grc' dir='ltr'><em>συναγαγόντες,</em></span> <span class='ocrx_word' id='word_1_34' title='bbox 1226 919 1354 1022; x_wconf 43' lang='grc' dir='ltr'><strong>ἀεὶυάεζ</strong></span> <span class='ocrx_word' id='word_1_35' title='bbox 1372 941 1458 1019; x_wconf 88' lang='lat' dir='ltr'><strong>quod</strong></span> 
     </span>
     <span class='ocr_line' id='line_1_6' title="bbox 286 1045 1457 1132; baseline 0.001 -22"><span class='ocrx_word' id='word_1_36' title='bbox 286 1047 344 1110; x_wconf 90' lang='lat' dir='ltr'><strong>ille</strong></span> <span class='ocrx_word' id='word_1_37' title='bbox 370 1054 505 1112; x_wconf 90' lang='lat' dir='ltr'><strong>senatus</strong></span> <span class='ocrx_word' id='word_1_38' title='bbox 529 1055 599 1132; x_wconf 89' lang='lat' dir='ltr'><strong>tum</strong></span> <span class='ocrx_word' id='word_1_39' title='bbox 623 1047 784 1124; x_wconf 90' lang='lat' dir='ltr'><strong>temporis</strong></span> <span class='ocrx_word' id='word_1_40' title='bbox 809 1048 880 1111; x_wconf 91' lang='lat' dir='ltr'><strong>sine</strong></span> <span class='ocrx_word' id='word_1_41' title='bbox 906 1046 1004 1110; x_wconf 90' lang='lat' dir='ltr'><strong>dubio</strong></span> <span class='ocrx_word' id='word_1_42' title='bbox 1031 1047 1184 1112; x_wconf 81' lang='lat' dir='ltr'>Corinthi</span> <span class='ocrx_word' id='word_1_43' title='bbox 1210 1049 1273 1112; x_wconf 88' lang='lat' dir='ltr'><strong>iam</strong></span> <span class='ocrx_word' id='word_1_44' title='bbox 1299 1056 1372 1112; x_wconf 88' lang='lat' dir='ltr'><strong>erat</strong></span> <span class='ocrx_word' id='word_1_45' title='bbox 1402 1045 1457 1128; x_wconf 88' lang='lat' dir='ltr'><strong>(ef.</strong></span> 
     </span>
     <span class='ocr_line' id='line_1_7' title="bbox 287 1146 1458 1239; baseline -0.003 -22"><span class='ocrx_word' id='word_1_46' title='bbox 287 1153 353 1236; x_wconf 63' lang='lat' dir='ltr'><strong>§iz</strong></span> <span class='ocrx_word' id='word_1_47' title='bbox 379 1152 435 1214; x_wconf 81' lang='grc' dir='ltr'><strong>καὶ</strong></span> <span class='ocrx_word' id='word_1_48' title='bbox 459 1154 590 1234; x_wconf 73' lang='grc' dir='ltr'><strong><em>πρῶτον</em></strong></span> <span class='ocrx_word' id='word_1_49' title='bbox 614 1151 675 1230; x_wconf 79' lang='grc' dir='ltr'><em>μὲν</em></span> <span class='ocrx_word' id='word_1_50' title='bbox 699 1153 870 1234; x_wconf 77' lang='grc' dir='ltr'><strong><em>συνέδριον</em></strong></span> <span class='ocrx_word' id='word_1_51' title='bbox 898 1146 1010 1214; x_wconf 80' lang='grc' dir='ltr'><em>κοινὸν</em></span> <span class='ocrx_word' id='word_1_52' title='bbox 1034 1149 1070 1214; x_wconf 79' lang='grc' dir='ltr'><em>ἐν</em></span> <span class='ocrx_word' id='word_1_53' title='bbox 1093 1157 1131 1239; x_wconf 69' lang='lat' dir='ltr'><strong>cp</strong></span> <span class='ocrx_word' id='word_1_54' title='bbox 1164 1156 1316 1238; x_wconf 70' lang='grc' dir='ltr'><strong><em>Κορίνθῳ</em></strong></span> <span class='ocrx_word' id='word_1_55' title='bbox 1347 1172 1458 1238; x_wconf 76' lang='grc' dir='ltr'><strong><em>συστη-</em></strong></span> 
     </span>
     <span class='ocr_line' id='line_1_8' title="bbox 285 1253 1458 1340; baseline 0.004 -20"><span class='ocrx_word' id='word_1_56' title='bbox 285 1253 423 1338; x_wconf 73' lang='grc' dir='ltr'><em>σάμενοι</em></span> <span class='ocrx_word' id='word_1_57' title='bbox 462 1253 537 1328; x_wconf 78' lang='grc' dir='ltr'><strong><em>τοὺς</em></strong></span> <span class='ocrx_word' id='word_1_58' title='bbox 570 1256 847 1338; x_wconf 79' lang='grc' dir='ltr'><strong><em>βουλευσομένους</em></strong></span> <span class='ocrx_word' id='word_1_59' title='bbox 882 1254 1052 1339; x_wconf 74' lang='grc' dir='ltr'><em>ἔπεμπον,</em></span> <span class='ocrx_word' id='word_1_60' title='bbox 1087 1262 1192 1340; x_wconf 82' lang='lat' dir='ltr'><strong>legati</strong></span> <span class='ocrx_word' id='word_1_61' title='bbox 1218 1263 1325 1340; x_wconf 72' lang='lat' dir='ltr'><strong>igibur</strong></span> <span class='ocrx_word' id='word_1_62' title='bbox 1353 1263 1458 1326; x_wconf 84' lang='lat' dir='ltr'><strong>Boeo-</strong></span> 
     </span>
     <span class='ocr_line' id='line_1_9' title="bbox 268 1366 1456 1447; baseline 0 -16"><span class='ocrx_word' id='word_1_63' title='bbox 268 1376 394 1431; x_wconf 90' lang='lat' dir='ltr'><strong>torum</strong></span> <span class='ocrx_word' id='word_1_64' title='bbox 433 1367 688 1431; x_wconf 77' lang='lat' dir='ltr'><strong>Atheniensium</strong></span> <span class='ocrx_word' id='word_1_65' title='bbox 714 1366 962 1431; x_wconf 80' lang='lat' dir='ltr'><strong>Corinthiorum</strong></span> <span class='ocrx_word' id='word_1_66' title='bbox 987 1369 1190 1447; x_wconf 84' lang='lat' dir='ltr'><strong>Argivorum</strong></span> <span class='ocrx_word' id='word_1_67' title='bbox 1221 1369 1283 1432; x_wconf 89' lang='lat' dir='ltr'><strong>hae</strong></span> <span class='ocrx_word' id='word_1_68' title='bbox 1313 1369 1346 1431; x_wconf 93' lang='lat' dir='ltr'><strong>in</strong></span> <span class='ocrx_word' id='word_1_69' title='bbox 1376 1370 1456 1432; x_wconf 91' lang='lat' dir='ltr'><strong>urbe</strong></span> 
     </span>
     <span class='ocr_line' id='line_1_10' title="bbox 286 1466 1458 1555; baseline -0.011 -7"><span class='ocrx_word' id='word_1_70' title='bbox 286 1471 485 1555; x_wconf 79' lang='lat' dir='ltr'><strong>manebant).</strong></span> <span class='ocrx_word' id='word_1_71' title='bbox 515 1473 630 1551; x_wconf 81' lang='lat' dir='ltr'><strong>Neque</strong></span> <span class='ocrx_word' id='word_1_72' title='bbox 654 1473 699 1536; x_wconf 86' lang='lat' dir='ltr'><strong>ad</strong></span> <span class='ocrx_word' id='word_1_73' title='bbox 729 1466 905 1550; x_wconf 71' lang='grc' dir='ltr'><em>ἀγαγόντες</em></span> <span class='ocrx_word' id='word_1_74' title='bbox 938 1493 1006 1538; x_wconf 82' lang='lat' dir='ltr'><strong>aco.</strong></span> <span class='ocrx_word' id='word_1_75' title='bbox 1040 1474 1116 1538; x_wconf 83' lang='lat' dir='ltr'><strong>audi</strong></span> <span class='ocrx_word' id='word_1_76' title='bbox 1145 1483 1258 1552; x_wconf 81' lang='lat' dir='ltr'><strong>potest</strong></span> <span class='ocrx_word' id='word_1_77' title='bbox 1285 1476 1379 1540; x_wconf 81' lang='lat' dir='ltr'><strong>velut</strong></span> <span class='ocrx_word' id='word_1_78' title='bbox 1403 1468 1458 1544; x_wconf 70' lang='grc' dir='ltr'><strong>νὰς</strong></span> 
     </span>
     <span class='ocr_line' id='line_1_11' title="bbox 286 1573 1457 1662; baseline 0.003 -21"><span class='ocrx_word' id='word_1_79' title='bbox 286 1573 451 1661; x_wconf 75' lang='grc' dir='ltr'><em>δυνάμεις,</em></span> <span class='ocrx_word' id='word_1_80' title='bbox 479 1588 619 1658; x_wconf 90' lang='lat' dir='ltr'><strong>propter</strong></span> <span class='ocrx_word' id='word_1_81' title='bbox 658 1573 867 1649; x_wconf 65' lang='lat' dir='ltr'><strong>insinuantes</strong></span> <span class='ocrx_word' id='word_1_82' title='bbox 902 1574 938 1640; x_wconf 77' lang='grc' dir='ltr'><strong>τὰ</strong></span> <span class='ocrx_word' id='word_1_83' title='bbox 978 1574 1213 1662; x_wconf 70' lang='grc' dir='ltr'><strong>στρατόπεδον,</strong></span> <span class='ocrx_word' id='word_1_84' title='bbox 1244 1581 1331 1660; x_wconf 82' lang='lat' dir='ltr'><strong>qumi</strong></span> <span class='ocrx_word' id='word_1_85' title='bbox 1359 1582 1457 1659; x_wconf 88' lang='lat' dir='ltr'><strong>paulo</strong></span> 
     </span>
     <span class='ocr_line' id='line_1_12' title="bbox 286 1687 1460 1768; baseline 0 -16"><span class='ocrx_word' id='word_1_86' title='bbox 286 1696 363 1752; x_wconf 87' lang='lat' dir='ltr'><strong>ante</strong></span> <span class='ocrx_word' id='word_1_87' title='bbox 388 1688 524 1767; x_wconf 73' lang='lat' dir='ltr'><strong>legitur.</strong></span> <span class='ocrx_word' id='word_1_88' title='bbox 571 1687 646 1751; x_wconf 91' lang='lat' dir='ltr'><strong>Mea</strong></span> <span class='ocrx_word' id='word_1_89' title='bbox 676 1687 806 1765; x_wconf 90' lang='lat' dir='ltr'><strong>quidem</strong></span> <span class='ocrx_word' id='word_1_90' title='bbox 836 1689 1004 1752; x_wconf 88' lang='lat' dir='ltr'><strong>sententia</strong></span> <span class='ocrx_word' id='word_1_91' title='bbox 1028 1688 1161 1753; x_wconf 87' lang='lat' dir='ltr'><strong>dubium</strong></span> <span class='ocrx_word' id='word_1_92' title='bbox 1190 1708 1254 1752; x_wconf 93' lang='lat' dir='ltr'><strong>non</strong></span> <span class='ocrx_word' id='word_1_93' title='bbox 1285 1697 1351 1768; x_wconf 77' lang='lat' dir='ltr'><strong>est‚·</strong></span> <span class='ocrx_word' id='word_1_94' title='bbox 1380 1690 1460 1768; x_wconf 90' lang='lat' dir='ltr'><strong>quin</strong></span> 
     </span>
     <span class='ocr_line' id='line_1_13' title="bbox 285 1794 1458 1876; baseline 0.001 -18"><span class='ocrx_word' id='word_1_95' title='bbox 285 1814 351 1858; x_wconf 93' lang='lat' dir='ltr'><strong>non</strong></span> <span class='ocrx_word' id='word_1_96' title='bbox 375 1794 488 1873; x_wconf 88' lang='lat' dir='ltr'><strong>plnres</strong></span> <span class='ocrx_word' id='word_1_97' title='bbox 513 1794 571 1857; x_wconf 86' lang='lat' dir='ltr'><strong>sed</strong></span> <span class='ocrx_word' id='word_1_98' title='bbox 588 1795 784 1858; x_wconf 85' lang='lat' dir='ltr'><strong>unalaeuna</strong></span> <span class='ocrx_word' id='word_1_99' title='bbox 810 1796 844 1858; x_wconf 91' lang='lat' dir='ltr'><strong>in</strong></span> <span class='ocrx_word' id='word_1_100' title='bbox 861 1796 974 1860; x_wconf 87' lang='lat' dir='ltr'><strong>verbis</strong></span> <span class='ocrx_word' id='word_1_101' title='bbox 999 1795 1136 1860; x_wconf 88' lang='lat' dir='ltr'><strong>traditis</strong></span> <span class='ocrx_word' id='word_1_102' title='bbox 1160 1797 1216 1876; x_wconf 85' lang='lat' dir='ltr'><strong>sit,</strong></span> <span class='ocrx_word' id='word_1_103' title='bbox 1241 1813 1356 1873; x_wconf 87' lang='lat' dir='ltr'><strong>nempe</strong></span> <span class='ocrx_word' id='word_1_104' title='bbox 1382 1804 1458 1859; x_wconf 88' lang='lat' dir='ltr'><strong>ante</strong></span> 
     </span>
     <span class='ocr_line' id='line_1_14' title="bbox 287 1891 1460 1983; baseline 0.003 -22"><span class='ocrx_word' id='word_1_105' title='bbox 287 1897 377 1981; x_wconf 69' lang='grc' dir='ltr'><em>ἐπεί,</em></span> <span class='ocrx_word' id='word_1_106' title='bbox 426 1909 460 1966; x_wconf 88' lang='lat' dir='ltr'><strong>et</strong></span> <span class='ocrx_word' id='word_1_107' title='bbox 494 1891 667 1976; x_wconf 75' lang='grc' dir='ltr'><em>ἀγαγόντες</em></span> <span class='ocrx_word' id='word_1_108' title='bbox 718 1902 849 1965; x_wconf 94' lang='lat' dir='ltr'><strong>omnino</strong></span> <span class='ocrx_word' id='word_1_109' title='bbox 901 1902 1042 1966; x_wconf 89' lang='lat' dir='ltr'><strong>tolerari</strong></span> <span class='ocrx_word' id='word_1_110' title='bbox 1089 1921 1153 1966; x_wconf 93' lang='lat' dir='ltr'><strong>non</strong></span> <span class='ocrx_word' id='word_1_111' title='bbox 1200 1903 1317 1980; x_wconf 79' lang='lat' dir='ltr'><strong>possit.</strong></span> <span class='ocrx_word' id='word_1_112' title='bbox 1367 1901 1460 1983; x_wconf 82' lang='lat' dir='ltr'><strong>Quod</strong></span> 
     </span>
     <span class='ocr_line' id='line_1_15' title="bbox 286 2008 1460 2096; baseline 0 -24"><span class='ocrx_word' id='word_1_113' title='bbox 286 2016 372 2087; x_wconf 88' lang='lat' dir='ltr'><strong>part.</strong></span> <span class='ocrx_word' id='word_1_114' title='bbox 399 2016 457 2071; x_wconf 95' lang='lat' dir='ltr'><strong>aut</strong></span> <span class='ocrx_word' id='word_1_115' title='bbox 480 2027 499 2070; x_wconf 94' lang='lat' dir='ltr'><strong>a</strong></span> <span class='ocrx_word' id='word_1_116' title='bbox 523 2008 664 2070; x_wconf 89' lang='lat' dir='ltr'><strong>librario</strong></span> <span class='ocrx_word' id='word_1_117' title='bbox 693 2026 798 2071; x_wconf 83' lang='lat' dir='ltr'><strong>noxae</strong></span> <span class='ocrx_word' id='word_1_118' title='bbox 828 2016 953 2072; x_wconf 89' lang='lat' dir='ltr'><strong>temere</strong></span> <span class='ocrx_word' id='word_1_119' title='bbox 985 2008 1111 2072; x_wconf 80' lang='lat' dir='ltr'><strong>mederi</strong></span> <span class='ocrx_word' id='word_1_120' title='bbox 1144 2017 1282 2073; x_wconf 91' lang='lat' dir='ltr'><strong>eonante</strong></span> <span class='ocrx_word' id='word_1_121' title='bbox 1312 2008 1460 2096; x_wconf 89' lang='lat' dir='ltr'><strong>additum</strong></span> 
     </span>
     <span class='ocr_line' id='line_1_16' title="bbox 287 2114 1460 2196; baseline -0.001 -17"><span class='ocrx_word' id='word_1_122' title='bbox 287 2123 431 2196; x_wconf 79' lang='lat' dir='ltr'><strong>estant</strong></span> <span class='ocrx_word' id='word_1_123' title='bbox 455 2132 496 2177; x_wconf 84' lang='lat' dir='ltr'><strong>ex</strong></span> <span class='ocrx_word' id='word_1_124' title='bbox 512 2115 626 2179; x_wconf 91' lang='lat' dir='ltr'><strong>verbis</strong></span> <span class='ocrx_word' id='word_1_125' title='bbox 644 2114 834 2178; x_wconf 73' lang='lat' dir='ltr'><strong>obliteratis</strong></span> <span class='ocrx_word' id='word_1_126' title='bbox 851 2115 957 2179; x_wconf 85' lang='lat' dir='ltr'><strong>solum</strong></span> <span class='ocrx_word' id='word_1_127' title='bbox 974 2114 1032 2178; x_wconf 89' lang='lat' dir='ltr'><strong>sed</strong></span> <span class='ocrx_word' id='word_1_128' title='bbox 1054 2114 1270 2193; x_wconf 87' lang='lat' dir='ltr'><strong>depravatum</strong></span> <span class='ocrx_word' id='word_1_129' title='bbox 1291 2116 1460 2179; x_wconf 88' lang='lat' dir='ltr'><strong>remansit.</strong></span> 
     </span>
     <span class='ocr_line' id='line_1_17' title="bbox 287 2213 1461 2301; baseline -0.001 -15"><span class='ocrx_word' id='word_1_130' title='bbox 287 2223 355 2286; x_wconf 89' lang='lat' dir='ltr'><strong>Nee</strong></span> <span class='ocrx_word' id='word_1_131' title='bbox 386 2213 423 2282; x_wconf 80' lang='grc' dir='ltr'><strong>τὸ</strong></span> <span class='ocrx_word' id='word_1_132' title='bbox 452 2219 622 2300; x_wconf 80' lang='grc' dir='ltr'><strong><em>συνέδριον</em></strong></span> <span class='ocrx_word' id='word_1_133' title='bbox 654 2222 741 2284; x_wconf 92' lang='lat' dir='ltr'><strong>omni</strong></span> <span class='ocrx_word' id='word_1_134' title='bbox 767 2222 956 2298; x_wconf 79' lang='lat' dir='ltr'><strong>suspicione</strong></span> <span class='ocrx_word' id='word_1_135' title='bbox 984 2231 1097 2299; x_wconf 87' lang='lat' dir='ltr'><strong>vaeat;</strong></span> <span class='ocrx_word' id='word_1_136' title='bbox 1129 2221 1216 2301; x_wconf 87' lang='lat' dir='ltr'><strong>quod</strong></span> <span class='ocrx_word' id='word_1_137' title='bbox 1246 2221 1390 2286; x_wconf 81' lang='lat' dir='ltr'><strong>fortasse</strong></span> <span class='ocrx_word' id='word_1_138' title='bbox 1420 2241 1461 2286; x_wconf 84' lang='lat' dir='ltr'><strong>ex</strong></span> 
     </span>
     <span class='ocr_line' id='line_1_18' title="bbox 289 2327 1459 2412; baseline 0.001 -21"><span class='ocrx_word' id='word_1_139' title='bbox 289 2327 351 2412; x_wconf 74' lang='lat'><strong>§2</strong></span> <span class='ocrx_word' id='word_1_140' title='bbox 389 2337 440 2392; x_wconf 92' lang='lat' dir='ltr'><strong>est</strong></span> <span class='ocrx_word' id='word_1_141' title='bbox 475 2329 666 2406; x_wconf 87' lang='lat' dir='ltr'><strong>repetitum.</strong></span> <span class='ocrx_word' id='word_1_142' title='bbox 726 2327 797 2408; x_wconf 81' lang='lat' dir='ltr'><strong>Qua</strong></span> <span class='ocrx_word' id='word_1_143' title='bbox 833 2327 872 2391; x_wconf 91' lang='lat' dir='ltr'><strong>de</strong></span> <span class='ocrx_word' id='word_1_144' title='bbox 909 2348 1009 2392; x_wconf 87' lang='lat' dir='ltr'><strong>eausa</strong></span> <span class='ocrx_word' id='word_1_145' title='bbox 1044 2330 1130 2393; x_wconf 87' lang='lat' dir='ltr'><strong>hune</strong></span> <span class='ocrx_word' id='word_1_146' title='bbox 1166 2330 1275 2393; x_wconf 84' lang='lat' dir='ltr'><strong>locum</strong></span> <span class='ocrx_word' id='word_1_147' title='bbox 1311 2331 1359 2393; x_wconf 88' lang='lat' dir='ltr'><strong>sie</strong></span> <span class='ocrx_word' id='word_1_148' title='bbox 1389 2329 1459 2393; x_wconf 86' lang='lat' dir='ltr'><strong>fere</strong></span> 
     </span>
     <span class='ocr_line' id='line_1_19' title="bbox 288 2427 1463 2518; baseline -0.003 -19"><span class='ocrx_word' id='word_1_149' title='bbox 288 2436 399 2499; x_wconf 88' lang='lat' dir='ltr'><strong>malim</strong></span> <span class='ocrx_word' id='word_1_150' title='bbox 425 2436 543 2498; x_wconf 80' lang='lat' dir='ltr'><strong>scribi:</strong></span> <span class='ocrx_word' id='word_1_151' title='bbox 568 2427 651 2511; x_wconf 75' lang='grc' dir='ltr'><strong>μετὰ</strong></span> <span class='ocrx_word' id='word_1_152' title='bbox 677 2431 712 2494; x_wconf 82' lang='grc' dir='ltr'><strong>δὲ</strong></span> <span class='ocrx_word' id='word_1_153' title='bbox 735 2428 795 2517; x_wconf 78' lang='grc' dir='ltr'><em>τὴν</em></span> <span class='ocrx_word' id='word_1_154' title='bbox 819 2429 1006 2516; x_wconf 79' lang='grc' dir='ltr'><em>παράταξιν</em></span> <span class='ocrx_word' id='word_1_155' title='bbox 1035 2429 1219 2518; x_wconf 80' lang='grc' dir='ltr'><strong>α’μφόιεροι</strong></span> <span class='ocrx_word' id='word_1_156' title='bbox 1252 2430 1463 2504; x_wconf 76' lang='grc' dir='ltr'><em>διαλύσαντες</em></span> 
     </span>
     <span class='ocr_line' id='line_1_20' title="bbox 288 2534 1464 2625; baseline 0.003 -23"><span class='ocrx_word' id='word_1_157' title='bbox 288 2536 326 2602; x_wconf 78' lang='grc' dir='ltr'><strong>τὸ</strong></span> <span class='ocrx_word' id='word_1_158' title='bbox 351 2535 576 2622; x_wconf 74' lang='grc' dir='ltr'><em>στρατόπεδον</em></span> <span class='ocrx_word' id='word_1_159' title='bbox 601 2538 631 2601; x_wconf 80' lang='grc' dir='ltr'><strong>οἱ</strong></span> <span class='ocrx_word' id='word_1_160' title='bbox 655 2539 717 2620; x_wconf 81' lang='grc' dir='ltr'><em>μὲν</em></span> <span class='ocrx_word' id='word_1_161' title='bbox 743 2534 867 2610; x_wconf 76' lang='grc' dir='ltr'><em>εἰςτὰς</em></span> <span class='ocrx_word' id='word_1_162' title='bbox 891 2538 973 2612; x_wconf 80' lang='grc' dir='ltr'><em>ἰδίας</em></span> <span class='ocrx_word' id='word_1_163' title='bbox 996 2543 1166 2625; x_wconf 74' lang='grc' dir='ltr'><em>πατρίδας,</em></span> <span class='ocrx_word' id='word_1_164' title='bbox 1193 2539 1224 2603; x_wconf 81' lang='grc' dir='ltr'><strong>οἱ</strong></span> <span class='ocrx_word' id='word_1_165' title='bbox 1241 2537 1271 2604; x_wconf 74' lang='grc' dir='ltr'><strong>δ’</strong></span> <span class='ocrx_word' id='word_1_166' title='bbox 1288 2541 1346 2624; x_wconf 84' lang='lat' dir='ltr'><strong>(se.</strong></span> <span class='ocrx_word' id='word_1_167' title='bbox 1368 2561 1464 2620; x_wconf 88' lang='lat' dir='ltr'><strong>prae·</strong></span> 
     </span>
     <span class='ocr_line' id='line_1_21' title="bbox 290 2641 1464 2732; baseline -0.003 -20"><span class='ocrx_word' id='word_1_168' title='bbox 290 2651 385 2727; x_wconf 88' lang='lat' dir='ltr'><strong>oipue</strong></span> <span class='ocrx_word' id='word_1_169' title='bbox 422 2644 453 2708; x_wconf 82' lang='grc' dir='ltr'><strong>οἱ</strong></span> <span class='ocrx_word' id='word_1_170' title='bbox 487 2650 551 2709; x_wconf 78' lang='grc' dir='ltr'><em>τῶν</em></span> <span class='ocrx_word' id='word_1_171' title='bbox 586 2642 764 2727; x_wconf 70' lang='grc' dir='ltr'><em>συμμάχων</em></span> <span class='ocrx_word' id='word_1_172' title='bbox 800 2645 964 2732; x_wconf 80' lang='grc' dir='ltr'><em>ἄρχονιες)</em></span> <span class='ocrx_word' id='word_1_173' title='bbox 1005 2645 1050 2718; x_wconf 84' lang='grc' dir='ltr'><strong>εἰς</strong></span> <span class='ocrx_word' id='word_1_174' title='bbox 1085 2645 1253 2732; x_wconf 70' lang='grc' dir='ltr'><em>Κόρινθον</em></span> <span class='ocrx_word' id='word_1_175' title='bbox 1287 2643 1324 2711; x_wconf 74' lang='lat' dir='ltr'><strong>ro</strong></span> <span class='ocrx_word' id='word_1_176' title='bbox 1350 2641 1464 2710; x_wconf 81' lang='grc' dir='ltr'><em>κοινὸν</em></span> 
     </span>
     <span class='ocr_line' id='line_1_22' title="bbox 289 2745 1460 2838; baseline 0.004 -22"><span class='ocrx_word' id='word_1_177' title='bbox 289 2755 457 2837; x_wconf 81' lang='grc' dir='ltr'><strong><em>συνέδριον</em></strong></span> <span class='ocrx_word' id='word_1_178' title='bbox 480 2745 675 2837; x_wconf 75' lang='grc' dir='ltr'><strong><em>οἷπεχιὶρουν</em></strong></span> <span class='ocrx_word' id='word_1_179' title='bbox 699 2753 798 2836; x_wconf 88' lang='lat' dir='ltr'><strong>(quod</strong></span> <span class='ocrx_word' id='word_1_180' title='bbox 824 2766 963 2834; x_wconf 89' lang='lat' dir='ltr'><strong>propter</strong></span> <span class='ocrx_word' id='word_1_181' title='bbox 987 2776 1128 2836; x_wconf 90' lang='lat' dir='ltr'><strong>sequens</strong></span> <span class='ocrx_word' id='word_1_182' title='bbox 1153 2752 1339 2838; x_wconf 73' lang='grc' dir='ltr'><strong>προεχιὶρει</strong></span> <span class='ocrx_word' id='word_1_183' title='bbox 1363 2758 1460 2820; x_wconf 90' lang='lat' dir='ltr'><strong>omis·</strong></span> 
     </span>
     <span class='ocr_line' id='line_1_23' title="bbox 290 2854 1459 2946; baseline -0.003 -19"><span class='ocrx_word' id='word_1_184' title='bbox 290 2883 360 2927; x_wconf 89' lang='lat' dir='ltr'><strong>sum</strong></span> <span class='ocrx_word' id='word_1_185' title='bbox 386 2861 461 2945; x_wconf 85' lang='lat' dir='ltr'><strong>est).</strong></span> <span class='ocrx_word' id='word_1_186' title='bbox 488 2858 606 2926; x_wconf 81' lang='grc' dir='ltr'><em>..ἐπεὶ</em></span> <span class='ocrx_word' id='word_1_187' title='bbox 639 2859 673 2923; x_wconf 80' lang='grc' dir='ltr'><strong>δὲ</strong></span> <span class='ocrx_word' id='word_1_188' title='bbox 706 2856 788 2923; x_wconf 77' lang='grc' dir='ltr'><em>κατὰ</em></span> <span class='ocrx_word' id='word_1_189' title='bbox 820 2863 898 2923; x_wconf 83' lang='grc' dir='ltr'><em>νοῦν</em></span> <span class='ocrx_word' id='word_1_190' title='bbox 929 2854 1038 2932; x_wconf 72' lang='grc' dir='ltr'><strong>αὐτοῖς</strong></span> <span class='ocrx_word' id='word_1_191' title='bbox 1073 2859 1257 2946; x_wconf 73' lang='grc' dir='ltr'><strong>προυχώρει</strong></span> <span class='ocrx_word' id='word_1_192' title='bbox 1291 2857 1331 2926; x_wconf 74' lang='lat' dir='ltr'><strong>aui</strong></span> <span class='ocrx_word' id='word_1_193' title='bbox 1357 2859 1459 2942; x_wconf 81' lang='grc' dir='ltr'><em>πραγ-</em></span> 
     </span>
     <span class='ocr_line' id='line_1_24' title="bbox 289 2960 1464 3053; baseline 0.003 -23"><span class='ocrx_word' id='word_1_194' title='bbox 289 2989 388 3048; x_wconf 71' lang='grc' dir='ltr'><em>μαια,</em></span> <span class='ocrx_word' id='word_1_195' title='bbox 413 2960 592 3053; x_wconf 78' lang='grc' dir='ltr'><em>συνήγαγον</em></span> <span class='ocrx_word' id='word_1_196' title='bbox 617 2965 680 3031; x_wconf 68' lang='lat' dir='ltr'><strong>aab.</strong></span> <span class='ocrx_word' id='word_1_197' title='bbox 706 2968 778 3033; x_wconf 87' lang='lat' dir='ltr'>Ind.</span> <span class='ocrx_word' id='word_1_198' title='bbox 804 2988 872 3033; x_wconf 93' lang='lat' dir='ltr'><strong>aor.</strong></span> <span class='ocrx_word' id='word_1_199' title='bbox 898 2969 956 3033; x_wconf 90' lang='lat' dir='ltr'><strong>sed</strong></span> <span class='ocrx_word' id='word_1_200' title='bbox 981 2971 1015 3034; x_wconf 95' lang='lat' dir='ltr'><strong>in</strong></span> <span class='ocrx_word' id='word_1_201' title='bbox 1039 2972 1184 3050; x_wconf 79' lang='lat' dir='ltr'><strong>imagine</strong></span> <span class='ocrx_word' id='word_1_202' title='bbox 1214 2972 1340 3051; x_wconf 84' lang='lat' dir='ltr'><strong>legitur</strong></span> <span class='ocrx_word' id='word_1_203' title='bbox 1369 2989 1464 3049; x_wconf 88' lang='lat' dir='ltr'><strong>prae-</strong></span> 
     </span>
     <span class='ocr_line' id='line_1_25' title="bbox 290 3066 1465 3161; baseline -0.004 -20"><span class='ocrx_word' id='word_1_204' title='bbox 290 3077 550 3156; x_wconf 65' lang='lat' dir='ltr'><strong>terminiis»,</strong></span> <span class='ocrx_word' id='word_1_205' title='bbox 567 3081 599 3139; x_wconf 83' lang='lat'><strong>1:</strong></span> <span class='ocrx_word' id='word_1_206' title='bbox 614 3066 865 3158; x_wconf 80' lang='grc' dir='ltr'><strong>υἷιιροσδοκήτοις</strong></span> <span class='ocrx_word' id='word_1_207' title='bbox 883 3073 917 3137; x_wconf 78' lang='grc' dir='ltr'><strong>δὲ</strong></span> <span class='ocrx_word' id='word_1_208' title='bbox 933 3082 1000 3145; x_wconf 79' lang='grc' dir='ltr'><strong><em>τοῖς</em></strong></span> <span class='ocrx_word' id='word_1_209' title='bbox 1016 3075 1189 3156; x_wconf 80' lang='grc' dir='ltr'><strong>πολεμίοις</strong></span> <span class='ocrx_word' id='word_1_210' title='bbox 1219 3069 1465 3161; x_wconf 73' lang='grc' dir='ltr'><em>αἰῑαινήσανιες</em></span> 
     </span>
     <span class='ocr_line' id='line_1_26' title="bbox 291 3175 1336 3265; baseline 0.004 -21"><span class='ocrx_word' id='word_1_211' title='bbox 291 3180 336 3252; x_wconf 80' lang='grc' dir='ltr'><strong>εἰς</strong></span> <span class='ocrx_word' id='word_1_212' title='bbox 360 3177 518 3264; x_wconf 77' lang='grc' dir='ltr'><em>ἔκπληξιν</em></span> <span class='ocrx_word' id='word_1_213' title='bbox 542 3177 662 3265; x_wconf 80' lang='grc' dir='ltr'><em>ἤγαγον</em></span> <span class='ocrx_word' id='word_1_214' title='bbox 684 3175 760 3250; x_wconf 74' lang='grc' dir='ltr'><strong><em>τοὺς</em></strong></span> <span class='ocrx_word' id='word_1_215' title='bbox 783 3177 975 3264; x_wconf 73' lang='grc' dir='ltr'><strong><em>βαρβάρους,</em></strong></span> <span class='ocrx_word' id='word_1_216' title='bbox 1002 3190 1102 3264; x_wconf 79' lang='grc'>69,1;</span> <span class='ocrx_word' id='word_1_217' title='bbox 1128 3180 1173 3254; x_wconf 85' lang='grc' dir='ltr'><strong>εἰς</strong></span> <span class='ocrx_word' id='word_1_218' title='bbox 1196 3180 1336 3248; x_wconf 81' lang='grc' dir='ltr'><em>εὔνοιαν.</em></span> 
     </span>
    </p>

    <p class='ocr_par' dir='ltr' id='par_1_3' title="bbox 291 3302 1466 4150">
     <span class='ocr_line' id='line_1_27' title="bbox 396 3302 1463 3388; baseline 0.001 -17"><span class='ocrx_word' id='word_1_219' title='bbox 396 3309 434 3371; x_wconf 85' lang='lat' dir='ltr'><strong>V.</strong></span> <span class='ocrx_word' id='word_1_220' title='bbox 460 3308 667 3373; x_wconf 84' lang='lat' dir='ltr'><strong>intransitivi</strong></span> <span class='ocrx_word' id='word_1_221' title='bbox 685 3302 779 3383; x_wconf 78' lang='grc' dir='ltr'><em>ἄγειν</em></span> <span class='ocrx_word' id='word_1_222' title='bbox 797 3307 984 3388; x_wconf 80' lang='lat' dir='ltr'><strong>,proficisei‘</strong></span> <span class='ocrx_word' id='word_1_223' title='bbox 1003 3318 1161 3388; x_wconf 89' lang='lat' dir='ltr'><strong>quattuor</strong></span> <span class='ocrx_word' id='word_1_224' title='bbox 1177 3312 1292 3376; x_wconf 87' lang='lat' dir='ltr'><strong>notavi</strong></span> <span class='ocrx_word' id='word_1_225' title='bbox 1314 3311 1463 3388; x_wconf 85' lang='lat' dir='ltr'><strong>exempla</strong></span> 
     </span>
     <span class='ocr_line' id='line_1_28' title="bbox 292 3414 1464 3496; baseline 0 -16"><span class='ocrx_word' id='word_1_226' title='bbox 292 3415 393 3496; x_wconf 58' lang='lat' dir='ltr'><strong>inps„</strong></span> <span class='ocrx_word' id='word_1_227' title='bbox 426 3434 524 3478; x_wconf 91' lang='lat' dir='ltr'><strong>unum</strong></span> <span class='ocrx_word' id='word_1_228' title='bbox 556 3414 613 3478; x_wconf 84' lang='lat' dir='ltr'><strong>int&#39;.</strong></span> <span class='ocrx_word' id='word_1_229' title='bbox 646 3433 754 3492; x_wconf 87' lang='lat' dir='ltr'><strong>praes.</strong></span> <span class='ocrx_word' id='word_1_230' title='bbox 787 3417 866 3480; x_wconf 82' lang='lat' dir='ltr'><strong>Aor.</strong></span> <span class='ocrx_word' id='word_1_231' title='bbox 898 3435 963 3480; x_wconf 92' lang='lat' dir='ltr'><strong>non</strong></span> <span class='ocrx_word' id='word_1_232' title='bbox 988 3418 1167 3482; x_wconf 91' lang='lat' dir='ltr'><strong>invenitur.</strong></span> <span class='ocrx_word' id='word_1_233' title='bbox 1215 3418 1310 3495; x_wconf 84' lang='lat' dir='ltr'><strong>Impt&#39;.</strong></span> <span class='ocrx_word' id='word_1_234' title='bbox 1337 3418 1464 3496; x_wconf 80' lang='lat' dir='ltr'><strong>legitur</strong></span> 
     </span>
     <span class='ocr_line' id='line_1_29' title="bbox 291 3513 1464 3608; baseline -0.004 -20"><span class='ocrx_word' id='word_1_235' title='bbox 291 3524 407 3603; x_wconf 78' lang='lat' dir='ltr'><strong>xlae,</strong></span> <span class='ocrx_word' id='word_1_236' title='bbox 423 3513 456 3585; x_wconf 75' lang='lat'><strong>6:</strong></span> <span class='ocrx_word' id='word_1_237' title='bbox 482 3523 629 3604; x_wconf 80' lang='grc' dir='ltr'><strong><em>προῆγον</em></strong></span> <span class='ocrx_word' id='word_1_238' title='bbox 660 3513 720 3604; x_wconf 75' lang='grc' dir='ltr'><em>τὴν</em></span> <span class='ocrx_word' id='word_1_239' title='bbox 753 3517 901 3600; x_wconf 79' lang='grc' dir='ltr'><em>δι’·υαμεν</em></span> <span class='ocrx_word' id='word_1_240' title='bbox 925 3520 970 3592; x_wconf 84' lang='grc' dir='ltr'><strong>εἰς</strong></span> <span class='ocrx_word' id='word_1_241' title='bbox 992 3517 1052 3607; x_wconf 78' lang='grc' dir='ltr'><em>τὴν</em></span> <span class='ocrx_word' id='word_1_242' title='bbox 1075 3518 1184 3608; x_wconf 82' lang='grc' dir='ltr'><strong>μα’χηυ</strong></span> <span class='ocrx_word' id='word_1_243' title='bbox 1209 3525 1263 3585; x_wconf 86' lang='grc' dir='ltr'><strong>καὶ</strong></span> <span class='ocrx_word' id='word_1_244' title='bbox 1287 3519 1464 3596; x_wconf 80' lang='grc' dir='ltr'><em>σονιοίξαν-</em></span> 
     </span>
     <span class='ocr_line' id='line_1_30' title="bbox 291 3608 1462 3712; baseline 0 -21"><span class='ocrx_word' id='word_1_245' title='bbox 291 3649 354 3698; x_wconf 80' lang='grc' dir='ltr'><strong>τες</strong></span> <span class='ocrx_word' id='word_1_246' title='bbox 379 3623 513 3697; x_wconf 80' lang='grc' dir='ltr'><strong><em>ἑαυιούς</em></strong></span> <span class='ocrx_word' id='word_1_247' title='bbox 536 3608 613 3712; x_wconf 75' lang='grc' dir='ltr'><em>ἦγον</em></span> <span class='ocrx_word' id='word_1_248' title='bbox 638 3624 695 3690; x_wconf 80' lang='grc' dir='ltr'><strong>ἐπὶ</strong></span> <span class='ocrx_word' id='word_1_249' title='bbox 718 3623 793 3698; x_wconf 71' lang='grc' dir='ltr'><strong><em>τοὺς</em></strong></span> <span class='ocrx_word' id='word_1_250' title='bbox 817 3628 1005 3712; x_wconf 78' lang='grc' dir='ltr'><strong><em>πολεμίους,</em></strong></span> <span class='ocrx_word' id='word_1_251' title='bbox 1030 3632 1116 3696; x_wconf 87' lang='lat' dir='ltr'>XIII</span> <span class='ocrx_word' id='word_1_252' title='bbox 1133 3638 1163 3712; x_wconf 74' lang='lat'><strong>8,</strong></span> <span class='ocrx_word' id='word_1_253' title='bbox 1178 3637 1212 3696; x_wconf 88' lang='lat'><strong>4:</strong></span> <span class='ocrx_word' id='word_1_254' title='bbox 1238 3634 1462 3712; x_wconf 70' lang='grc' dir='ltr'><strong>προετρέπετο</strong></span> 
     </span>
     <span class='ocr_line' id='line_1_31' title="bbox 292 3717 1465 3822; baseline 0.005 -26"><span class='ocrx_word' id='word_1_255' title='bbox 292 3737 347 3796; x_wconf 86' lang='grc' dir='ltr'><strong>καὶ</strong></span> <span class='ocrx_word' id='word_1_256' title='bbox 371 3719 425 3818; x_wconf 72' lang='grc' dir='ltr'><em>ἦγε</em></span> <span class='ocrx_word' id='word_1_257' title='bbox 439 3730 490 3796; x_wconf 83' lang='grc' dir='ltr'><strong>διὰ</strong></span> <span class='ocrx_word' id='word_1_258' title='bbox 515 3738 569 3818; x_wconf 79' lang='grc' dir='ltr'><strong>τῆς</strong></span> <span class='ocrx_word' id='word_1_259' title='bbox 593 3737 774 3816; x_wconf 73' lang='grc' dir='ltr'><strong>μεσογείου,</strong></span> <span class='ocrx_word' id='word_1_260' title='bbox 788 3738 868 3801; x_wconf 89' lang='lat' dir='ltr'>XIV</span> <span class='ocrx_word' id='word_1_261' title='bbox 885 3744 936 3818; x_wconf 80' lang='lat'><strong>55,</strong></span> <span class='ocrx_word' id='word_1_262' title='bbox 951 3743 985 3802; x_wconf 88' lang='lat'><strong>4:</strong></span> <span class='ocrx_word' id='word_1_263' title='bbox 1011 3733 1183 3817; x_wconf 65' lang='grc' dir='ltr'><strong>ε’κβιβοῖσας</strong></span> <span class='ocrx_word' id='word_1_264' title='bbox 1207 3717 1292 3822; x_wconf 66' lang='grc' dir='ltr'><em>ἦγεν,</em></span> <span class='ocrx_word' id='word_1_265' title='bbox 1317 3739 1465 3803; x_wconf 83' lang='lat' dir='ltr'>XXXVI</span> 
     </span>
     <span class='ocr_line' id='line_1_32' title="bbox 292 3839 1466 3938; baseline 0.001 -31"><span class='ocrx_word' id='word_1_266' title='bbox 292 3846 333 3908; x_wconf 80' lang='lat' dir='ltr'><strong>fr.</strong></span> <span class='ocrx_word' id='word_1_267' title='bbox 351 3849 415 3924; x_wconf 83' lang='grc'><strong>4,6</strong></span> <span class='ocrx_word' id='word_1_268' title='bbox 442 3863 514 3938; x_wconf 79' lang='lat' dir='ltr'><strong>eum</strong></span> <span class='ocrx_word' id='word_1_269' title='bbox 539 3862 608 3907; x_wconf 93' lang='lat' dir='ltr'><strong>aor.</strong></span> <span class='ocrx_word' id='word_1_270' title='bbox 634 3844 689 3904; x_wconf 80' lang='grc' dir='ltr'><strong>καὶ</strong></span> <span class='ocrx_word' id='word_1_271' title='bbox 712 3839 835 3926; x_wconf 73' lang='grc' dir='ltr'><em>ταύτην</em></span> <span class='ocrx_word' id='word_1_272' title='bbox 859 3843 920 3922; x_wconf 84' lang='grc' dir='ltr'><em>μὲν</em></span> <span class='ocrx_word' id='word_1_273' title='bbox 945 3839 1135 3928; x_wconf 73' lang='grc' dir='ltr'><em>διήρπασεν,</em></span> <span class='ocrx_word' id='word_1_274' title='bbox 1161 3843 1217 3906; x_wconf 81' lang='grc' dir='ltr'><strong>ἐπὶ</strong></span> <span class='ocrx_word' id='word_1_275' title='bbox 1241 3845 1276 3908; x_wconf 81' lang='grc' dir='ltr'><strong>δὲ</strong></span> <span class='ocrx_word' id='word_1_276' title='bbox 1299 3839 1466 3930; x_wconf 73' lang='grc' dir='ltr'><strong><em>ιὴυΜυρ-</em></strong></span> 
     </span>
     <span class='ocr_line' id='line_1_33' title="bbox 292 3939 1465 4038; baseline 0.006 -29"><span class='ocrx_word' id='word_1_277' title='bbox 292 3951 445 4031; x_wconf 79' lang='grc' dir='ltr'><em>γαννίνην</em></span> <span class='ocrx_word' id='word_1_278' title='bbox 469 3939 555 4033; x_wconf 71' lang='grc' dir='ltr'><em>ἦγεν,</em></span> <span class='ocrx_word' id='word_1_279' title='bbox 581 3949 638 4014; x_wconf 86' lang='lat' dir='ltr'><strong>inf.</strong></span> <span class='ocrx_word' id='word_1_280' title='bbox 664 3970 771 4028; x_wconf 89' lang='lat' dir='ltr'><strong>praes.</strong></span> <span class='ocrx_word' id='word_1_281' title='bbox 797 3952 880 4015; x_wconf 85' lang='grc' dir='ltr'><strong>ΧΙΧ</strong></span> <span class='ocrx_word' id='word_1_282' title='bbox 893 3957 946 4031; x_wconf 82' lang='grc'><strong>41,</strong></span> <span class='ocrx_word' id='word_1_283' title='bbox 961 3958 995 4016; x_wconf 87' lang='lat'><strong>3:</strong></span> <span class='ocrx_word' id='word_1_284' title='bbox 1020 3945 1080 4035; x_wconf 77' lang='grc' dir='ltr'><strong>βοὴ</strong></span> <span class='ocrx_word' id='word_1_285' title='bbox 1106 3949 1261 4035; x_wconf 74' lang='grc' dir='ltr'><em>(ἐγένετο)</em></span> <span class='ocrx_word' id='word_1_286' title='bbox 1280 3947 1338 4038; x_wconf 68' lang='grc' dir='ltr'><em>τὴν</em></span> <span class='ocrx_word' id='word_1_287' title='bbox 1372 3957 1465 4031; x_wconf 80' lang='grc' dir='ltr'><strong><em>νυχί-</em></strong></span> 
     </span>
     <span class='ocr_line' id='line_1_34' title="bbox 293 4050 870 4150; baseline -0.002 -32"><span class='ocrx_word' id='word_1_288' title='bbox 293 4074 371 4138; x_wconf 77' lang='grc' dir='ltr'><em>σινγν</em></span> <span class='ocrx_word' id='word_1_289' title='bbox 394 4051 486 4134; x_wconf 83' lang='grc' dir='ltr'><em>ἄγειν</em></span> <span class='ocrx_word' id='word_1_290' title='bbox 509 4052 566 4118; x_wconf 79' lang='grc' dir='ltr'><strong>ἐπὶ</strong></span> <span class='ocrx_word' id='word_1_291' title='bbox 590 4050 664 4125; x_wconf 79' lang='grc' dir='ltr'><strong><em>τοὺς</em></strong></span> <span class='ocrx_word' id='word_1_292' title='bbox 683 4055 870 4150; x_wconf 53' lang='grc' dir='ltr'><strong><em>πολεμίους.</em></strong></span> 
     </span>
    </p>

    <p class='ocr_par' dir='ltr' id='par_1_4' title="bbox 294 4165 1463 4336">
     <span class='ocr_line' id='line_1_35' title="bbox 393 4165 1463 4246; baseline 0.006 -19"><span class='ocrx_word' id='word_1_293' title='bbox 393 4165 462 4228; x_wconf 89' lang='lat' dir='ltr'><strong>Iam</strong></span> <span class='ocrx_word' id='word_1_294' title='bbox 479 4173 714 4229; x_wconf 87' lang='lat' dir='ltr'><strong>enumerentur</strong></span> <span class='ocrx_word' id='word_1_295' title='bbox 733 4166 917 4243; x_wconf 84' lang='lat' dir='ltr'><strong>composita</strong></span> <span class='ocrx_word' id='word_1_296' title='bbox 934 4166 1112 4231; x_wconf 88' lang='lat' dir='ltr'><strong>seeundum</strong></span> <span class='ocrx_word' id='word_1_297' title='bbox 1135 4169 1401 4246; x_wconf 83' lang='lat' dir='ltr'><strong>praepositiones</strong></span> <span class='ocrx_word' id='word_1_298' title='bbox 1415 4169 1463 4233; x_wconf 88' lang='lat' dir='ltr'><strong>di-</strong></span> 
     </span>
     <span class='ocr_line' id='line_1_36' title="bbox 294 4273 449 4336; baseline -0.006 -1"><span class='ocrx_word' id='word_1_299' title='bbox 294 4273 449 4336; x_wconf 90' lang='lat' dir='ltr'><strong>stributa.</strong></span> 
     </span>
    </p>

    <p class='ocr_par' dir='ltr' id='par_1_5' title="bbox 400 4370 1464 4466">
     <span class='ocr_line' id='line_1_37' title="bbox 400 4370 1464 4466; baseline 0.007 -25"><span class='ocrx_word' id='word_1_300' title='bbox 400 4371 487 4460; x_wconf 66' lang='grc' dir='ltr'><em>(ἶνας</em></span> <span class='ocrx_word' id='word_1_301' title='bbox 513 4380 658 4458; x_wconf 79' lang='lat' dir='ltr'><strong>Verbum</strong></span> <span class='ocrx_word' id='word_1_302' title='bbox 684 4370 819 4466; x_wconf 73' lang='grc' dir='ltr'><em>ἀνάγειν</em></span> <span class='ocrx_word' id='word_1_303' title='bbox 842 4381 953 4447; x_wconf 90' lang='lat' dir='ltr'><strong>rarius</strong></span> <span class='ocrx_word' id='word_1_304' title='bbox 978 4381 1146 4463; x_wconf 81' lang='lat' dir='ltr'><strong>signifieat</strong></span> <span class='ocrx_word' id='word_1_305' title='bbox 1171 4381 1291 4447; x_wconf 89' lang='lat' dir='ltr'><strong>dueere</strong></span> <span class='ocrx_word' id='word_1_306' title='bbox 1309 4381 1350 4448; x_wconf 88' lang='lat' dir='ltr'><strong>ad</strong></span> <span class='ocrx_word' id='word_1_307' title='bbox 1367 4383 1464 4463; x_wconf 91' lang='lat' dir='ltr'><strong>alqm.</strong></span> 
     </span>
    </p>
   </div>
   <div class='ocr_carea' id='block_1_3' title="bbox 0 0 1668 5050">
    <p class='ocr_par' dir='ltr' id='par_1_6' title="bbox 0 0 1668 5050">
     <span class='ocr_line' id='line_1_38' title="bbox 0 0 1668 5050; baseline 0 0"><span class='ocrx_word' id='word_1_308' title='bbox 0 0 1668 5050; x_wconf 95' lang='lat' dir='ltr'><strong> </strong></span> 
     </span>
    </p>
   </div>
  </div>
 </body>
</html>
