3264 5050
765 432 988 501 „36-

286 629 451 710 Αἴγυπτον
474 626 583 696 α’νεῖλε
608 627 767 714 Βούσιριν
789 626 849 693 τὸν
872 629 1021 713 βασιλέα,
1047 636 1102 707 31,
1115 636 1153 696 4:
1179 624 1357 713 παρελθών
1392 626 1466 694 ἕκα-

284 734 412 824 θαρθη,
447 744 500 822 37,
515 746 549 803 5:
584 733 764 822 παρελθών
795 734 841 808 εἰς
862 731 922 823 τὴν
945 733 1057 821 πνρὰν
1080 731 1464 824 παρεκαλει..ὖφα’ψαι,

285 845 337 911 IX
361 846 402 912 fr.
427 852 480 927 20,
505 853 534 910 l:
571 840 753 928 παρελθὼν
783 842 829 916 εἰς
862 839 923 928 τὴν
959 841 1132 931 ἐκκλησίαν
1168 841 1351 929 παρεκάλει
1388 841 1467 916 τοὺς

285 947 515 1038 Ἆληναίονςῑ).
567 952 641 1019 Α11ε
678 953 825 1033 exemplu
849 960 942 1018 suut:
977 953 1028 1018 XI
1041 961 1094 1036 88,
1111 962 1139 1015 3.
1175 953 1239 1018 XII
1256 961 1286 1020 9.
1303 960 1331 1017 5.
1366 958 1464 1038 46,1.

166 1147 167 1150 ¹
284 1063 383 1142 47,1.
409 1065 460 1141 61,
476 1067 506 1128 2.
533 1066 585 1135 19,
600 1069 629 1127 2.
652 1060 738 1125 XIII
762 1067 814 1142 52,
841 1065 883 1124 λι
907 1052 1089 1142 παρελθὼν
1113 1059 1169 1121 καὶ
1192 1059 1363 1138 δαλεχθελς
1386 1056 1464 1140 ἐμε-

286 1162 418 1251 τεοίρισε
429 1161 481 1231 urie
493 1168 607 1251 δῆμον,
624 1174 699 1248 1111,·.)
714 1171 766 1247 81,
782 1175 810 1232 5.
824 1173 876 1238 91,
897 1173 919 1231 l.
939 1172 1009 1248 1111,
1025 1174 1057 1229 u:
1073 1163 1226 1251 ἔβλαψαν
1238 1162 1467 1251 παρελθόντες

285 1269 331 1345 εἰς
354 1269 413 1346 τὴν
437 1270 626 1358 ἐκκλησίαν,
655 1273 734 1340 XIV
749 1281 778 1354 5,
807 1283 829 1338 1.
855 1311 894 1320 --
922 1280 973 1359 24,
996 1281 1014 1338 6
1039 1270 1220 1357 παρελθών
1245 1273 1374 1340 videtur
1398 1275 1465 1340 alie

287 1401 384 1446 seusu
408 1382 529 1448 dietum
553 1401 633 1447 usse.
674 1383 847 1460 Leguutur
864 1381 949 1447 eniur
968 1381 1062 1446 haee:
1085 1384 1141 1459 τῆς
1156 1379 1192 1445 δὲ
1207 1376 1323 1452 νυκτὸς
1343 1381 1464 1464 παρελ-

286 1483 408 1573 θούσης
432 1480 584 1570 Ἀριδαῖος
613 1480 630 1551 ὁ
655 1481 827 1570 πεφευγώς
851 1483 896 1558 εἰς
918 1482 979 1550 τὸν
1001 1481 1153 1566 σταθμὸν
1177 1479 1352 1552 ἀπέστειλέ
1372 1509 1464 1558 τινας

288 1590 372 1679 πρὸς
406 1589 464 1658 τὸν
488 1593 657 1678 Κλέαρχον
692 1594 891 1678 παρακαλῶν
920 1589 1005 1676 πρὸς
1035 1587 1153 1658 ἑαυτὸν
1180 1589 1364 1674 ἀπαγαγεῖν
1386 1589 1465 1666 τούς

283 1697 492 1786 πραποπας.
547 1703 704 1783 Sequitur
726 1704 813 1768 euim
837 1721 878 1768 ex
904 1702 960 1783 iis,
985 1721 1069 1783 quae
1093 1709 1192 1769 autea
1215 1710 1310 1768 suut:
1336 1709 1354 1767 3
1377 1699 1462 1783 μετὰ

288 1807 323 1873 δὲ
354 1813 458 1872 ταῦτα
482 1804 543 1893 ἤδη
566 1810 622 1893 τῆς
645 1804 760 1879 ννιινός
783 1804 989 1894 ἐπελθούσης
1011 1861 1016 1873 .
1042 1855 1050 1872 .
1076 1802 1246 1894 ὥρμησαν,
1281 1814 1303 1875 4
1333 1803 1374 1880 ὥς
1401 1804 1463 1895 ἤδη

288 1911 347 1990 νύξ
370 1899 421 2002 ἦν,
453 1911 720 2000 α’ναχωρήσαννες
748 1911 914 1999 τρόπαιον
945 1912 1082 2000 ἔστησαν
1114 1917 1178 1978 καὶ·
1193 1917 1272 2000 περὶ
1307 1917 1463 1999 δευτέραν

285 2016 400 2102 σχεδὸν
435 2019 584 2106 φυλακὴν
620 2019 773 2106 ἔφθασαν
808 2020 853 2094 εἰς
886 2018 947 2086 νλν
985 2017 1215 2107 παρεμβολήν,
1261 2023 1463 2090 Arhidueum

284 2131 412 2213 legatus
448 2150 540 2196 mane
576 2131 720 2211 misisse,
758 2131 841 2211 quud
876 2141 1047 2211 praeterea
1071 2148 1111 2195 ex
1135 2131 1219 2197 Xeu.
1256 2130 1368 2196 An.II
1396 2136 1461 2211 1,3

285 2245 432 2320 apparet.
471 2237 589 2318 Itaque
620 2231 850 2322 παρελθούσης
872 2239 928 2323 τῆς
950 2230 1065 2308 νυκτὸς
1090 2237 1280 2304 vertendum
1303 2247 1364 2303 est:
1388 2256 1460 2303 euru

161 2365 165 2376 ’
287 2365 351 2410 nox
375 2346 605 2426 praeterisset,
640 2364 721 2411 uun:
753 2363 825 2410 curu
856 2363 920 2410 nux
952 2344 1105 2411 venisset.
1152 2344 1329 2424 Diserepet
1359 2345 1463 2427 igitur

286 2453 345 2517 hue
369 2453 550 2533 exemplum
584 2473 602 2515 e
632 2452 771 2533 reliquis
800 2460 835 2518 et
868 2453 1032 2518 notionem
1059 2452 1196 2534 praebet·
1220 2452 1461 2533 praetereundi,

285 2578 385 2640 quarn-
419 2567 496 2640 puto
533 2559 626 2625 verbi
663 2559 850 2640 primariam
886 2577 966 2625 esse.
1013 2558 1111 2624 Notio
1146 2560 1231 2624 enirn
1266 2559 1461 2625 adveniendi

287 2665 531 2749 significatione
555 2666 615 2731 luci
642 2665 940 2748 praepositionibus
963 2684 1121 2746 expresse
1144 2664 1297 2732 efficitur.

392 2774 540 2839 Proxime
583 2774 625 2839 ad
673 2779 756 2854 pert.
804 2791 906 2855 prees.
943 2765 1072 2856 παριών
1107 2792 1179 2838 euru
1214 2774 1348 2839 notione
1384 2791 1458 2855 pru-

286 2881 408 2944 deundi
440 2880 566 2946 aceedit
596 2873 785 2964 παρελθών,Ι
820 2880 933 2967 ivre,
950 2887 982 2943 t:
1018 2879 1208 2960 Φαρακίδον
1233 2874 1462 2962 παρελθόντος

287 2983 344 3049 ἐπὶ
367 2980 405 3048 eri
428 2989 517 3072 βῆμα
542 2982 665 3058 παντες
698 2982 924 3072 προσεδόκων,
954 2988 1010 3053 sed
1035 2987 1134 3052 ettam
1160 2987 1314 3053 hocloco
1346 2986 1459 3052 simui-

293 3093 371 3158 tudu
395 3095 460 3158 iste
486 3097 590 3176 magis
614 3094 723 3160 verbis
747 3090 805 3156 ἐπὶ
826 3087 864 3157 τὸ
886 3094 974 3178 βῆμα
998 3112 1093 3174 quam
1118 3094 1189 3176 ipso
1214 3095 1314 3159 verbo
1338 3094 1459 3160 evenit.

395 3201 538 3283 Reliqua
561 3201 721 3286 exemplu,
746 3201 865 3282 quibus
888 3201 970 3266 nihil
995 3212 1046 3267 est
1063 3201 1240 3283 singulare,
1264 3201 1347 3266 haec
1363 3209 1460 3267 suut:

285 3307 349 3373 XV
367 3315 419 3389 68,
434 3317 471 3374 λε
508 3301 687 3391 παρελθὼν
725 3303 770 3379 εἰς
793 3303 961 3391 Κόρινθον
984 3303 1208 3390 σννεσνήσατο,
1244 3312 1296 3390 94,
1319 3314 1348 3374 3.
1377 3308 1458 3375 XVI

295 3421 341 3497 14,
358 3421 385 3478 ν.
410 3422 463 3499 ιν,
478 3421 508 3482 9.
534 3422 630 3498 ονε.
654 3415 753 3481 xvir
779 3421 831 3500 rr,
853 3421 879 3482 1.
907 3420 996 3494 rue
1020 3416 1083 3497 uis,
1109 3421 1161 3496 ee,
1183 3421 1208 3479 1.
1226 3420 1278 3495 ee,
1294 3419 1323 3482 e.
1345 3421 1416 3496 106,
1427 3422 1457 3482 4.

290 3528 360 3605 ιοι,
379 3530 408 3586 e.
432 3521 550 3588 xv111
570 3529 619 3606 13,
642 3530 667 3588 ι.
694 3527 745 3599 ru,
764 3529 792 3590 e.
820 3528 872 3598 ιν,
891 3526 919 3587 3.
944 3527 996 3591 ει.
1014 3527 1044 3588 4.
1060 3521 1145 3589 xlx
1156 3527 1188 3602 4,
1206 3528 1235 3586 e.
1253 3527 1308 3598 ue,
1324 3527 1355 3588 4.
1371 3527 1458 3606 ινα.

286 3636 338 3712 54,
358 3635 387 3695 3.
414 3635 501 3715 eet
528 3638 590 3709 ter,
615 3636 712 3713 eeu.
1196 3639 1199 3646 ·

392 3736 554 3803 infinitivi
596 3739 751 3818 leguntur
788 3737 852 3802 XV
876 3742 929 3819 68,
960 3745 995 3801 4:
1034 3727 1167 3806 οὐδενὸς
1205 3735 1240 3799 δὲ
1277 3734 1459 3816 τολμῶντος

284 3842 469 3927 παρελθεῖν
507 3839 598 3914 ἐκτὸς
639 3846 699 3907 τοῦ
736 3846 942 3924 νειχίσματος
959 3895 989 3908 ,.
1028 3843 1170 3927 προσῆγε
1204 3839 1265 3928 τὴν
1294 3845 1369 3926 βίαν
1390 3850 1459 3914 τοῖς

289 3950 468 4031 πολεμίοις,
505 3951 588 4034 quud
624 3953 804 4034 exemplum
842 3953 974 4035 paulurn
1009 3971 1028 4016 a
1065 3950 1199 4031 reliquis
1235 3949 1356 4036 differt,
1380 3953 1458 4032 quie

285 4076 348 4122 nou
372 4060 463 4123 loeus
487 4058 520 4124 in
544 4077 640 4141 quem
664 4057 750 4124 aetio
774 4076 933 4125 converse
956 4064 1025 4140 est,
1061 4057 1119 4123 sed
1144 4064 1239 4124 extre
1278 4075 1372 4137 quem
1408 4059 1456 4141 fit,

290 4185 498 4192 -ι--ω--ψ-

395 4236 418 4296 li
438 4235 532 4288 Moneo
550 4249 584 4288 ue
604 4233 662 4301 quie
682 4239 760 4301 putet
780 4235 829 4287 hoe
847 4234 906 4288 loeo
920 4227 1070 4306 παρελθὼν
1083 4233 1153 4287 idem
1167 4248 1225 4288 eene
1238 4239 1321 4300 etque
1340 4227 1457 4307 παριών.

284 4322 358 4376 Nihil
378 4324 447 4377 euim
472 4323 610 4392 signifieat
634 4324 685 4377 uisi
711 4340 778 4389 ‚curu
804 4323 832 4378 in
860 4323 1010 4377 contionem
1037 4323 1163 4378 venisset‘
1190 4338 1244 4376 nen
1273 4323 1405 4390 ‚prodiens
1424 4323 1459 4376 ed

287 4412 469 4480 quuendum
