3264 5050
642 469 864 531 ,..13...

168 664 240 734 fere
271 665 409 746 gradus:
442 658 458 726 ό
495 656 645 745 βασιλεὺς
676 654 870 748 Ἐργαμένης
907 657 1110 746 μετεσχηκώς
1154 651 1341 744 Ἑλληνικῆς

169 770 291 858 ἀγωγῆς
314 773 371 835 καί
401 766 622 855 φιλοσοφήσας
655 766 822 856 ἐθόρρησε
863 772 1108 854 καταφρονῆσαι
1149 772 1208 831 τοῦ
1238 787 1340 852 προσ-

169 877 341 962 τάγματος,
389 878 480 962 Quae
504 898 557 945 ros
583 881 663 944 bene
688 878 846 959 explicari
871 884 1000 961 potest,
1032 895 1091 941 nec
1121 883 1230 943 tamen
1264 883 1342 958 putu

170 989 348 1069 quemlibet
371 987 568 1068 scriptorum
593 987 718 1053 veteris
744 985 847 1052 Attici
879 986 1037 1051 sermonis
1068 985 1136 1050 tale
1167 984 1343 1066 quidquam

172 1096 371 1177 scripturum
396 1093 506 1161 fuisse.

279 1239 398 1305 Paucis
430 1239 503 1305 volo
538 1238 705 1319 attingere
737 1255 808 1302 cum
836 1235 957 1301 aoristo
987 1254 1053 1302 non
1083 1255 1157 1300 raro
1187 1254 1344 1315 praesens

174 1346 259 1428 quod
284 1347 398 1413 dicunt
421 1346 613 1411 historicum
638 1344 807 1425 coniungi,
832 1343 1114 1422 velut11140‚7:
1138 1335 1344 1406 α’πόλλννται

173 1446 260 1517 πολύ
284 1459 397 1537 χεῖρον
419 1456 484 1516 τῶν
501 1447 822 1536 προαποθανόντων
848 1447 878 1512 οἱ
900 1449 962 1530 μὲν
987 1445 1046 1533 γὰρ
1063 1446 1098 1512 έν
1113 1445 1232 1535 οἱκαρεῖ
1243 1447 1347 1535 χρόνῳ

173 1555 211 1625 τό
235 1563 367 1641 πνεῦμα
396 1561 436 1648 τῆ
464 1555 561 1647 δοόσρ
590 1554 685 1642 φόσει
709 1553 811 1621 πόλιν
836 1541 1034 1639 α’πείἱωκαν,Ι
1061 1554 1092 1619 οἱ
1117 1550 1193 1629 δἐίς
1222 1553 1348 1628 πολλὰς

174 1668 399 1751 ταλαιπωρίας
438 1669 713 1750 καταμερίσαντες
743 1659 801 1729 τόν
830 1662 982 1729 θόνατον
1014 1665 1254 1746 πολυχρονίους
1292 1659 1349 1736 τοὶς

174 1769 343 1859 συμφορὰς
367 1772 493 1854 ἔχοντες
516 1777 571 1846 τῆς
593 1775 653 1836 τοῦ
676 1776 749 1854 βίον
774 1775 999 1856 καταστροφῆς
1022 1769 1226 1852 τυγχοίνοοσι,

284 1919 363 1984 Ουτοι
392 1920 432 1985 ad
462 1919 557 1984 finem
588 1919 686 1984 huius
719 1917 824 1999 partis
854 1919 1075 2002 pervenerim,
1099 1917 1248 1984 breviter
1272 1917 1348 1982 mihi

179 2029 278 2093 liceat
302 2027 464 2091 disserere
489 2025 529 2090 de
554 2044 618 2090 uun
641 2026 721 2109 luco,
747 2043 810 2104 quc
837 2023 1065 2105 imperfectum
1090 2020 1242 2107 ἱστόρουν
1258 2024 1351 2089 iuxta

178 2130 304 2216 ἔφασαν
317 2139 342 2215 ¹)
368 2133 447 2197 mire
474 2135 615 2212 positum
639 2140 699 2197 est.
734 2133 905 2211 Leguntur
929 2134 1015 2197 enim
1040 2132 1216 2198 secuudum
1242 2151 1352 2197 recen·

178 2243 300 2307 sionem
334 2241 496 2306 venenu
528 2221 696 2322 Vogel'in
726 2239 1148 2320 coniciuusuaec=14a1
1181 2239 1236 2303 κω
1268 2233 1352 2302 κατὰ

179 2348 242 2428 μὲν
265 2343 325 2411 τόν
349 2350 483 2431 πρῶτον
507 2347 572 2408 τῶν
595 2349 713 2424 τοίχων
736 2342 795 2408 τὸν
819 2345 953 2426 βασιλέα
971 2337 1227 2432 formaverim]
1260 2366 1352 2408 κατε-

179 2450 360 2518 σκευάσθαι
376 2454 620 2536 πολιορκοῦντα
636 2459 801 2531 τεῖχος...
819 2447 901 2532 μετὰ
919 2453 1107 2524 λέοντος...
1132 2447 1218 2537 ὑπὲρ
1235 2430 1273 2516 οὗ
1289 2457 1353 2516 τῶν

180 2559 400 2646 ἐξηγουμένων
431 2557 462 2622 οἱ
487 2559 549 2642 μὲν
574 2556 699 2643 ἔφασαν
729 2553 813 2640 πρός
844 2552 1010 2645 α’λῆὶλειαυ
1039 2557 1199 2646 χειροήθη
1236 2561 1352 2624 λέοντα

179 2664 384 2754 τρεφόμενον
425 2661 492 2730 ὑπὸ
532 2667 685 2748 βασιλέως
730 2664 995 2745 συγκινδυνεύειν
1042 2660 1130 2752 αότῆ
1177 2663 1259 2732 κατὰ
1295 2665 1354 2740 τός

179 2773 287 2857 μα’χας
309 2776 366 2838 καὶ
387 2770 515 2859 τροπὴν
546 2781 656 2838 ποιεῖν
679 2776 743 2837 τῶν
767 2770 924 2837 ἐναντίων
957 2769 1009 2838 ritu
1039 2769 1098 2859 τῆν
1128 2767 1241 2861 οἷλκῆν,
1269 2776 1355 2847 τινεῖς

181 2879 417 2966 δ’ἱστόρονν
446 2874 496 2945 ὅτι
520 2876 601 2944 καθ’
624 2874 813 2964 ιὶπερβολῆν
838 2874 984 2964 ἀνδρεῖος
1007 2871 1108 2948 aiv...
1132 2878 1186 2945 διὰ
1218 2885 1274 2966 τῆς
1295 2887 1355 2946 τοῦ

179 2991 309 3062 λέοντος
345 2985 472 3061 εἰκόνος
507 2984 567 3073 τῆν
601 2985 755 3053 διάθεσιν
790 2987 909 3052 ἑαυτοῦ
942 2991 998 3072 τῆς
1031 2992 1138 3073 ψυχῆς
1166 2985 1354 3074 ἐσήμαινεν,

182 3101 253 3180 ‘pue
291 3100 360 3163 Ιοοο
396 3092 544 3180 ἱστόρουν
579 3115 643 3163 non
678 3102 768 3164 recte
802 3097 961 3163 traditum
992 3116 1066 3162 esse
1093 3097 1217 3177 opinor.
1269 3096 1355 3179 Quid

182 3205 268 3273 enim
303 3204 367 3269 sibi
401 3205 472 3270 vult
506 3204 589 3270 illud
624 3202 878 3284 imperfectum?
924 3205 1007 3268 Num
1044 3213 1141 3286 putas
1177 3205 1354 3271 Diodorum

182 3314 289 3378 dicere
325 3293 490 3378 veluis'se:
527 3310 657 3392 quidam
693 3329 830 3376 narrare
865 3311 1015 3376 solebant
1040 3330 1069 3378 e.
1095 3331 1124 3391 q.
1149 3331 1174 3376 s.
1211 3313 1355 3377 Minime.

182 3419 272 3484 Ninu
296 3421 380 3483 enim
413 3418 503 3483 aliud
534 3421 570 3484 in
600 3420 706 3484 auimo
740 3419 839 3484 habet
872 3418 980 3483 dicere
1005 3417 1067 3484 uisi
1105 3419 1200 3484 haec:
1226 3438 1297 3485 curn
1323 3421 1356 3485 in

182 3528 336 3608 Aegypte
371 3523 492 3591 fuisset
527 3531 562 3590 et
596 3526 630 3590 in
661 3524 827 3590 cuiusdam
861 3524 974 3590 domus
1005 3527 1119 3608 regiae
1157 3526 1285 3606 pariete
1316 3531 1357 3590 an

184 3631 395 3714 Osymandya
431 3638 620 3698 exstructae
663 3631 766 3697 leonis
810 3631 985 3711 imaginem
1030 3630 1173 3697 effictam
1218 3634 1358 3700 vidisset

183 3757 284 3822 prope
308 3756 429 3820 regem,
454 3739 629 3822 hominum,
654 3756 745 3819 quos,
770 3745 806 3803 ut
824 3738 1037 3824 explicarent,
1060 3739 1255 3824 rogavisset,
1275 3742 1358 3806 alios

183 3847 374 3913 narravisse
405 3845 562 3910 eiusmodi
593 3847 717 3912 leonem
751 3847 792 3910 ab
827 3846 885 3910 iiio
917 3863 996 3926 rege
1026 3865 1063 3912 re
1096 3865 1173 3913 vere
1197 3849 1356 3914 nutritum

184 3974 267 4034 esse,
299 3953 382 4020 alius
414 3954 498 4019 hanc
532 3954 672 4018 bestiam
694 3935 851 4034 ‘imagine
875 3950 1101 4018 fortitudinem
1127 3953 1379 4044 Osymandyae,

184 4061 383 4144 significare.
430 4059 501 4142 Quo
536 4059 584 4141 fit,
620 4067 658 4126 ut
693 4060 752 4124 hcc
786 4061 855 4124 locu
888 4060 970 4126 illud
1008 4055 1132 4143 ἔφασαν
1168 4068 1282 4143 aperto
1314 4064 1359 4128 sit

184 4168 394 4244 testimonio,
427 4162 579 4250 ἱστόρουν
604 4165 687 4231 salso
712 4167 870 4233 traditum
894 4186 974 4233 esse.
1023 4170 1070 4232 At
1094 4168 1234 4234 sortasse
1265 4177 1357 4249 puta-

294 4471 320 4538 1)
338 4469 413 4538 impf.
433 4469 505 4542 ἔφην
524 4469 582 4522 loco
602 4468 696 4522 coristi
717 4473 767 4535 est,
787 4474 817 4522 ut
837 4482 948 4538 semper.
