3306 5050
802 428 1020 488 ...38-

387 677 388 685 ,
431 617 553 686 Eadem
579 619 620 685 de
645 637 746 686 οειιιε
770 618 932 685 DIodorus
956 624 1040 701 pert.
1065 637 1170 700 prees.
1195 619 1302 685 utitur
1330 619 1377 686 IV
1396 625 1448 701 66,
1464 624 1502 684 8:

328 721 507 797 Καπανεὺς
541 723 735 807 βιαζόμενος
773 727 829 790 καὶ
867 723 921 790 6ιά
961 728 1121 807 κλίμακος
1155 718 1345 809 α’ναβαίνων
1379 724 1436 792 ἐπὶ
1463 722 1503 789 τὸ

323 841 429 914 τεῖχος
467 830 693 921 ἐτελείτησευτ
739 853 822 917 ‚eum
861 837 896 902 in
933 834 1041 900 menie
1077 835 1177 900 veliet
1216 835 1420 916 escendere,
1461 834 1505 900 ef.

322 943 405 1009 XIV
419 949 471 1026 72,
486 949 522 1008 5:
548 937 596 1006 ἔτι
625 937 685 1024 γὰρ
708 933 816 1006 αὐτῶν
841 933 1087 1024 ἀναβαινόντων
1111 937 1170 1004 ἐπὶ
1184 936 1224 1004 τὰ
1242 937 1504 1026 καταστρώματα

324 1051 381 1113 καὶ
405 1045 621 1135 πληροόντων
651 1045 709 1122 τὰς
740 1046 881 1134 τριήρεις
913 1047 946 1112 αλ
976 1050 1135 1130 πολέμιαι
1159 1052 1233 1131 νῆες
1255 1056 1325 1120 ταῖς
1350 1045 1505 1132 εἰρεσίαις

324 1153 546 1238 ἐλαυνόμεναι
576 1158 731 1246 πλαγίαις
762 1153 907 1221 ἐνέσειον
939 1152 1043 1241 μόγις,
1082 1160 1153 1241 116,
1169 1164 1202 1224 6;
1228 1160 1324 1241 χῆνες
1346 1151 1504 1240 όίεροὶ..

323 1261 548 1349 θεωρήσαντες
585 1260 824 1346 ἀναβαίνοντας
864 1259 1010 1348 κραυγὴν
1050 1260 1200 1350 ἐποίουν,
1243 1264 1361 1332 XVIII
1390 1271 1442 1347 34,
1463 1271 1504 1328 λε

322 1366 398 1443 τούς
421 1365 475 1436 διαὶ
492 1375 549 1460 τῆς
571 1372 729 1453 κλίμακος
753 1366 991 1455 ἀναβαίνοντας
1012 1369 1157 1456 τύπτων,
1182 1371 1266 1436 XIX
1281 1377 1336 1448 26,
1349 1378 1384 1436 4:
1399 1366 1506 1458 ταύτῃ

324 1479 359 1544 δέ
395 1482 704 1555 κατασκευασθῆναι
732 1473 894 1565 μηχανὴν,
934 1472 1029 1563 ἐφ’ἣν
1072 1471 1314 1560 όναβαίνουσαν
1353 1472 1506 1561 α’σφαλῶς

324 1583 566 1664 ἐνθουσιόζειν.
623 1645 626 1650 ,

430 1696 500 1763 Ind.
527 1715 592 1760 eer.
616 1695 784 1762 Invenitur
825 1694 875 1760 XI
890 1700 942 1778 76,
958 1700 991 1758 2:
1027 1691 1313 1765 καταπλεύσαντες
1343 1687 1507 1778 ἐνέβησαν

324 1799 371 1874 εἰς
392 1796 452 1887 τὴν
485 1798 761 1888 Πελοπόννησον,
800 1821 872 1868 eum
917 1800 1121 1883 Imperfectis
1156 1802 1362 1868 coniunctum
1416 1802 1505 1867 XIII

326 1917 377 1996 15,
394 1917 428 1977 I:
456 1913 575 1981 Νικίας
605 1903 665 1973 οόκ
697 1908 873 1990 ἐπέμεινεν
904 1905 962 1972 ἐπὶ
993 1912 1049 1994 τῆς
1080 1905 1116 1972 ἐν
1145 1913 1184 1997 τῇ
1214 1912 1253 1996 γῇ
1274 1905 1396 1984 τόξεοις
1420 1903 1505 1972 α’λλοὶ

322 2012 514 2082 καταλιπῶν
537 2012 612 2090 τούς
635 2011 756 2094 πεζούς
786 2014 843 2080 ἐπὶ
872 2036 947 2081 τινα
970 2019 1054 2080 ναῦν
1076 2009 1177 2103 α’νέβη
1201 2017 1258 2080 καί
1280 2017 1495 2098 παρέπλει..

323 2126 378 2189 καὶ
402 2123 516 2191 ἐδεῖτο.
555 2126 648 2207 Impi.
661 2125 810 2205 sequitur
826 2125 860 2190 In
882 2124 1016 2206 apodesi
1038 2125 1120 2189 XIV
1135 2131 1187 2206 29,
1202 2130 1239 2192 4:
1265 2118 1306 2196 ῶς
1329 2121 1505 2210 α’νέβησαο,

324 2225 549 2318 εὖχορίστοου.
567 2269 603 2279 —
629 2232 706 2298 Alie
723 2232 874 2314 exempla
890 2233 1049 2315 leguntur
1064 2230 1151 2297 XIII
1168 2235 1240 2318 104,
1255 2238 1283 2298 3.
1308 2233 1390 2298 XIV
1404 2237 1456 2314 39,
1473 2240 1505 2297 3.

326 2346 400 2424 116,
413 2346 443 2407 4.
467 2340 550 2407 XVI
564 2346 616 2416 19,
631 2346 659 2406 2.
683 2341 775 2405 Peri.
800 2357 866 2405 eor.
891 2346 950 2405 est.
974 2340 1021 2405 IV
1036 2345 1088 2422 61,
1103 2345 1137 2405 I:
1150 2335 1290 2419 (Αἰγέως)
1322 2332 1506 2421 ἆναβόντος

324 2445 370 2520 εἰς
404 2443 464 2533 τὴν
499 2439 746 2528 οἲκρόττολεν...
774 2442 892 2510 ἑαυτὸν
926 2442 1172 2531 α’ποκρρμνίσαι
1206 2465 1288 2528 ‚eum
1325 2448 1356 2512 In
1394 2468 1504 2515 arcem

325 2555 555 2638 aseendiseei‘;
578 2554 625 2621 IV
640 2560 693 2638 66,
709 2560 742 2621 7:
767 2551 925 2618 ἐντεῦθεν
948 2549 995 2626 εἰς
1017 2548 1093 2625 τούς
1107 2551 1174 2618 ἄνω
1189 2549 1314 2627 τόπους
1336 2557 1388 2640 τῆς
1405 2550 1506 2628 Ἄσίας

324 2659 491 2746 ἀναβᾶσαν
525 2662 717 2746 συνοικῆσαί
742 2683 810 2724 τινι
844 2662 910 2724 τῶν
934 2658 1108 2744 ἐπιφανῶν
1135 2662 1301 2744 βασιλέων.
1348 2664 1502 2732 Ceterum

324 2771 401 2840 viee
425 2770 585 2853 xiiee.
609 2769 805 2853 xmee,1.
831 2775 883 2852 ee,
899 2778 928 2835 e.
952 2767 1102 2845 Χινιτ,
1117 2775 1144 2835 6.
1172 2775 1225 2846 53,
1239 2776 1269 2836 5.
1294 2770 1354 2837 Ins.
1369 2778 1505 2838 exstant

323 2880 406 2945 XIV
419 2884 472 2960 92,
490 2884 526 2944 δι
556 2873 714 2961 ἐτόλμησε
738 2869 791 2941 διοὶ
814 2879 871 2956 τῆς
895 2869 1039 2960 Ἀραβίας
1062 2868 1225 2961 οίναβῆναι
1241 2870 1325 2961 πρὸς
1339 2872 1398 2941 τόν
1410 2883 1503 2960 βασι-

324 2986 395 3063 λέα,
428 2991 502 3062 116,
516 2990 552 3050 5:
577 2981 794 3058 συνετάξαντο
826 2977 909 3047 κατὰ
942 2984 998 3067 τῆς
1037 2977 1135 3068 αότῆς
1176 2989 1297 3068 πέτρας
1338 2977 1503 3070 οἷναβῆναι

323 3089 449 3165 νυκτός,
482 3090 569 3158 ΧΙΧ
595 3097 668 3176 100,
693 3098 730 3156 4:
765 3095 979 3154 συνετέτακτο
1016 3083 1135 3176 δἀότῶ
1172 3093 1269 3176 μεχρί
1307 3093 1503 3175 Βαβυλῶνος

323 3192 496 3284 α’ναβῆναι.

432 3308 506 3374 Ηιια
535 3307 641 3372 edieie
674 3299 1004 3390 προσαναβαίνειν,
1037 3306 1123 3388 qued
1153 3307 1194 3373 eb
1218 3301 1413 3389 α’ναβαίυειν
1436 3327 1500 3375 nen

326 3416 462 3480 multum
514 3414 636 3481 differt.
687 3412 784 3495 Impf.
822 3413 935 3481 Inveni
967 3414 1073 3480 XVII
1102 3419 1153 3498 98,
1184 3420 1220 3481 5:
1271 3409 1501 3499 (Ἀλέξανδρος)

324 3515 474 3605 οἶρπόσας
506 3521 648 3601 κλίμακα
671 3521 726 3583 καλ
759 3526 828 3591 τοῖς
856 3522 911 3604 τῆς
941 3515 1043 3604 ἄκρας
1065 3523 1186 3598 τείχεσι
1210 3525 1422 3606 προσερείσας
1445 3525 1501 3586 καὶ

323 3625 384 3714 τὴν
408 3628 532 3713 πέλτην
555 3622 642 3711 ἐπέρ
664 3630 719 3701 τῆς
743 3628 888 3712 κεφαλῆς
903 3625 987 3707 ἔχων
1010 3631 1260 3711 προσανέβαινε.
1285 3630 1341 3708 τῆς
1365 3629 1400 3693 δέ
1416 3651 1500 3694 κατα

324 3731 386 3820 τὴν
416 3733 584 3820 ἐνέργειαν
620 3723 773 3819 όξότιγτος
803 3730 995 3818 φθανούσας
1025 3730 1100 3806 τούς
1130 3741 1404 3816 προμαχομένους
1433 3739 1500 3800 τῶν

326 3839 497 3927 βαρβάρων
523 3848 644 3922 ταχέως
677 3839 780 3927 ἐπέβη
811 3845 858 3928 τῷ
887 3844 1006 3920 τείχει,
1031 3849 1064 3908 et
1087 3843 1208 3910 Iterum
1231 3845 1329 3926 paulo
1356 3843 1442 3910 Infra
1467 3851 1499 3911 6:

327 3945 430 4032 ὁμέν
464 3944 612 4032 βασιλεός
641 3956 869 4030 κατεπονεῖτο,
904 3947 935 4012 οἱ
970 3949 1005 4014 δέ
1037 3941 1230 4022 Μακεδόνες
1261 3947 1318 4015 δόο
1342 3951 1501 4032 κλίμακας

325 4061 527 4141 προσθέντες
551 4053 605 4121 διὰ
630 4054 753 4122 τούτων
769 4060 1031 4141 προσανέβαινον
1047 4051 1170 4140 α’θρόοι
1192 4058 1248 4122 καί
1271 4063 1500 4142 συντριβεισῶν

326 4159 519 4248 ἀμφοτέραν
550 4169 809 4251 κατηνέχθησαν.
857 4162 928 4247 Quo
958 4167 1029 4231 loeo
1061 4164 1288 4246 imperfectum
1326 4167 1501 4232 adhibetur

326 4273 368 4337 iis
399 4273 439 4338 de
476 4274 600 4358 οεοείε,
633 4291 714 4354 quas
747 4291 847 4354 supra
885 4273 1030 4354 exposui.
1076 4272 1244 4339 Describit
1274 4274 1500 4340 Alexandrum

327 4380 426 4446 scalis
450 4380 681 4446 ascendentem
706 4380 797 4460 Impf.
822 4383 1072 4465 προοουέβοιοε,
1097 4380 1130 4445 id
1154 4381 1238 4460 qued
1256 4380 1373 4457 deinde
1389 4381 1501 4476 finitur
