3306 5050
649 423 958 522 J-—ua-

346 620 486 712 ’πρόςε
512 620 666 694 Primum
695 625 736 693 'de
771 617 832 693 usu
867 627 1001 712 trans.¹)
1042 629 1193 694 dicturus
1229 648 1309 694 sum.
1364 621 1439 693 Act.

266 733 447 819 προσάγειν
472 739 635 816 imprimis
660 736 699 800 de
723 731 925 800 're-militari
956 737 1097 801 dicitur:
1125 737 1299 816 ,adducere
1312 745 1436 818 turres,

265 863 434 925 aggerem,
471 845 666 924 exercitum,
702 851 804 910 naves
840 843 879 906 ad
917 843 1053 922 urbem‘,
1088 845 1221 908 similia.
1269 844 1439 922 Impisic

265 953 393 1029 legitur
416 949 496 1016 XIV
510 957 563 1032 4'9,
579 957 612 1015 3:
638 945 779 1027 ἐχώννυε
802 945 861 1011 τὸν
896 943 1028 1029 μεταὲὐῚ
1056 943 1161 1033 π’άρον
1185 952 1240 1012 καὶ
1263 945 1319 1021 τάς
1336 970 1440 1033 μηχα-

265 1053 323 1129 νάς
346 1059 490 1142 προσήγε
514 1051 582 1128 τοῖς
604 1060 735 1141 τείχεσι,
764 1055 846 1122 XVI
861 1063 964 1138 iat:
990 1054 1126 1131 ἐκτάξας
1154 1053 1212 1142 τήν
1236 1055 1379 1137 δύναμιν
1397 1061 1439 1123 π.

264 1170 303 1251 τῇ
327 1153 446 1248 πόλει,
460 1163 542 1231 XVI
559 1173 611 1247 20,
627 1170 656 1230 3.
681 1167 798 1230 XVIII
814 1172 864 1244 13,
880 1173 908 1229 2.
936 1172 1036 1247 litt:
1061 1159 1120 1249 τὴν
1144 1169 1230 1248 βίαν,
1256 1169 1318 1230 XV
1336 1175 1388 1248 68,
1402 1173 1439 1230 4:

263 1296 300 1338 π.
340 1265 398 1357 τήν
432 1275 514 1353 βίαν
552 1279 619 1342 τοῖς
658 1273 843 1350 πολεμίοις.
898 1274 960 1336 lul'.
998 1291 1106 1351 liraes.
1139 1274 1207 1350 legi
1239 1275 1306 1337 XII
1332 1281 1440 1354 62,2:

265 1374 504 1463 παρεκελεύετο
542 1382 598 1462 βίη
637 1403 685 1444 πμ
709 1383 749 1465 τῇ
785 1383 823 1466 γη
854 1373 914 1464 τήν
937 1375 1060 1464 τριήρη,
1086 1383 1150 1444 XX
1162 1389 1214 1462 86,
1232 1388 1263 1445 l:
1289 1375 1440 1461 ἐπιβαλό-

263 1507 361 1567 μενος
385 1480 441 1556 τάς
475 1481 627 1572 μηχανάς
662 1511 698 1552 π.
723 1492 793 1556 τοῖς
829 1486 957 1566 λιμέσιν
982 1483 1143 1571 ἐκωλάέλη,
1177 1495 1274 1570 tam
1299 1491 1375 1568 βίαν
1399 1512 1436 1553 π.

264 1596 332 1660 XII
345 1601 399 1677 46,
417 1602 456 1660 4:
481 1587 685 1678 ήναγιιάζετο
700 1647 706 1660 .
723 1647 751 1660 ..
778 1587 851 1664 τούς
879 1590 1076 1677 στρατιώτας
1111 1583 1315 1674 ’άναγκάζειν
1348 1593 1441 1679 παρὰ

264 1697 406 1780 δύναμιν
447 1704 534 1782 βίαν
557 1725 593 1767 π.
618 1705 658 1788 τῇ
682 1699 798 1780 πόλει,
824 1713 909 1782 part.
934 1722 1042 1782 praes.
1069 1723 1140 1767 cum
1164 1707 1251 1781 tart.
1276 1723 1345 1768 aur.
1360 1705 1441 1769 XVI

264 1815 316 1892 63,
332 1816 365 1874 3:
391 1803 691 1880 κατασκευάσαντος
716 1808 750 1872 δὲ
781 1804 881 1872 αὐτοῦ
910 1803 1059 1892 μηχανάς
1082 1810 1144 1870 καὶ·
1160 1805 1380 1892 προσάγοντος
1403 1816 1442 1896 τῇ

263 1911 361 1978 πόλει
374 1896 408 1981 ³..
443 1913 723 2001 κατεφλέχθησαν,
759 1923 810 1998 74,
825 1925 855 1981 2.
880 1919 945 1981 XX
960 1925 1057 1998 sal.
1104 1920 1280 1983 Invenitur
1303 1921 1379 1998 βίαν
1403 1941 1440 1981 π.

263 2025 398 2104 Xssta,
418 2032 450 2089 l:
490 2026 566 2104 βίαν
603 2019 838 2106 προσαγόντων
872 2031 938 2094 τοῖς
962 2026 1079 2102 τείχεσι
1111 2023 1271 2090 πολλοὶ..
1295 2021 1440 2104 ε’ἔλαυμά·

264 2134 401 2213 σβησαν,
439 2144 515 2211 quo'
539 2134 613 2196 locu
638 2141 724 2211 part.
761 2152 830 2196 aar.
865 2134 967 2197 scribi
993 2134 1102 2198 voluit
1125 2135 1250 2213 steph,
1277 2134 1334 2197 sed
1360 2142 1439 2211 puto

264 2247 350 2317 part.
376 2258 484 2317 υταεε.
509 2239 719 2303 reti-nendum
745 2258 830 2320 esse,
856 2239 896 2302 ci.
922 2241 1036 2321 Xltu,
1051 2246 1081 2303 4.
1107 2240 1283 2321 illitus.

368 2346 439 2411 Ind.
465 2365 534 2410 aer.
560 2351 624 2411 act.
643 2356 695 2411 est
711 2347 798 2411 XIII
811 2353 913 2410 85.·4:
939 2349 1143 2428 θεωροῦντες
1167 2337 1327 2427 εάὲφοδον
1353 2337 1440 2409 εἶναι

263 2445 322 2537 τήν
347 2449 448 2515 πάλιν
471 2448 528 2514 δύο
552 2449 696 2534 πύργους
720 2449 934 2538 προσήγαγον,
959 2455 1039 2518 XIV
1055 2461 1135 2536 tl,]
1165 2457 1227 2536 bis,
1245 2456 1325 2520 XVI
1338 2461 1390 2535 49,
1408 2462 1440 2534 1;

263 2561 363 2625 XVII
375 2566 428 2641 46,
445 2567 477 2624 1:
511 2556 614 2646 τούτῳ
647 2563 706 2644 (τῷ
736 2560 854 2640 τείχει)
886 2583 922 2624 π.
947 2553 1004 2630 τὰς
1027 2557 1178 2646 τριήρεις.
1226 2563 1289 2627 Ini'.
1315 2564 1367 2627 bis
1392 2565 1439 2626 in-

263 2669 398 2732 venitur
422 2658 609 2749 'illlata
628 2688 653 2749 s,
690 2657 747 2732 ssd
774 2671 846 2732 sine
871 2668 970 2732 dubio
995 2659 1109 2747 priene
1134 2669 1207 2732 loco
1231 2672 1332 2734 rebus
1357 2671 1440 2748 iusis

263 2773 322 2838 inf.
348 2793 455 2853 praes
481 2777 601 2839 melius
626 2778 838 2840 conveniret:
856 2776 921 2836 τῶν
945 2770 1005 2856 γὰρ
1029 2771 1233 2858 τριηράρχων
1249 2768 1288 2838 ου’
1300 2772 1441 2855 τολμωίι-

262 2902 327 2944 των
350 2890 572 2962 προσαγαγεῖν
603 2875 644 2969 τῇ
674 2886 714 2970 γῇ
736 2879 793 2953 τάς
815 2880 958 2966 τριήρεις
982 2877 1035 2945 διά
1059 2877 1118 2967 τήν
1141 2879 1351 2967 χαλεπότητα
1378 2886 1441 2945 τῶν

262 2985 375 3051 τάπων
409 2982 605 3075 τριήραρχος
646 2981 692 3051 ὢν
727 2985 847 3071 ε’βάα..
886 2986 1065 3072 προσάγειν
1091 2997 1135 3074 (ν.
1168 2990 1326 3074 supra)..
1351 2990 1441 3061 τέλος

263 3094 297 3157 dd
321 3093 623 3175 συναναγκάσαντος
646 3090 706 3158 τὸν
729 3093 929 3182 κυβερνήτην
953 3104 1174 3179 προσαγαγεῖν
1208 3093 1269 3182 τήν
1303 3099 1395 3179 νοῦν,
1419 3092 1439 3183 ή

256 3202 324 3283 γιεῖν
347 3197 482 3288 τριήρης
506 3200 685 3266 εἰτοίκειλεν
708 3193 772 3269 aad.
798 3206 893 3269 Haud
918 3207 1025 3284 igitur
1049 3205 1174 3288 dubito,
1201 3207 1279 3284 quin
1306 3196 1345 3267 οά
1367 3204 1440 3267 ταλ-

261 3305 399 3390 μάντων
422 3307 601 3393 προσάγειν
625 3312 836 3377 scribeudum
861 3315 916 3394 sit,
942 3313 1039 3392 quod,
1058 3315 1085 3376 si
1106 3332 1155 3394 ea,
1173 3331 1256 3392 quae
1274 3315 1312 3377 F.
1330 3315 1439 3390 Vogel

264 3411 448 3502 adnotavit,
463 3429 555 3484 recte
569 3421 736 3501 intelligo,
755 3423 788 3484 in
806 3421 977 3484 codicibus
994 3420 1189 3499 qutibusdam
1213 3420 1439 3485 deterioribus

265 3527 452 3592 invenitur:
489 3514 702 3609 Quamquam,
729 3547 801 3591 cum
827 3528 865 3592 de
890 3527 1054 3591 eiusmodi
1077 3527 1194 3592 formis
1219 3529 1343 3610 agitur,
1361 3529 1437 3592 huic

263 3635 315 3697 rei
349 3653 414 3698 neu
450 3634 587 3698 multum
623 3620 835 3699 tribuendum
872 3617 1080 3715 esttamen
1114 3634 1172 3698 ini.
1207 3624 1315 3712 praes.
1341 3653 1438 3712 prac-

264 3740 446 3804 ferendum.
495 3743 640 3806 Primum
667 3744 765 3807 *enim
802 3743 840 3806 de
878 3751 998 3806 conatu
1034 3741 1224 3821 appellendi
1260 3742 1353 3823 dicit,
1384 3760 1440 3805 res

266 3849 338 3925 ipsa
362 3867 428 3911 non
452 3848 636 3931 perficitur,
661 3850 718 3914 sed
745 3851 783 3914 de
809 3844 881 3914 solu
899 3850 1013 3926 agitur
1034 3843 1187 3914 consiliu,
1211 3851 1291 3914 Tum
1311 3850 1438 3913 demum

264 3957 378 4020 verbis
392 3952 692 4033 σοναναγκάσαντος
709 3963 930 4040 προσαγαγεῖν
946 3975 1001 4022 res
1025 3957 1066 4022 ad
1090 3957 1186 4021 tinem
1212 3975 1271 4035 per
1296 3956 1439 4022 ducitur.

374 4133 401 4196 1)
421 4132 460 4185 Ne
479 4131 539 4198 quis
559 4148 601 4186 me
621 4133 734 4198 incuset,
763 4133 834 4199 quud
863 4148 906 4186 res
928 4132 1083 4186 notissimas
1101 4148 1154 4185 nun
1175 4131 1243 4185 satis
1262 4131 1441 4196 distinxerim,

263 4220 331 4273 illud
351 4237 446 4275 moneo
465 4238 506 4275 ma
533 4222 582 4275 sub
611 4238 661 4275 usu
690 4223 804 4275 intrans¹
835 4238 881 4275 eos
901 4222 972 4276 locus
992 4224 1161 4289 tractavisse,
1182 4221 1278 4288 quibus
1306 4220 1440 4274 obiectum

265 4325 317 4362 uon
347 4311 497 4378 appositum
528 4311 565 4364 sit
593 4327 678 4378 neque
706 4328 740 4366 ex
771 4312 809 4366 eis
828 4327 897 4378 quae
925 4313 1060 4380 leguntur,
1098 4311 1178 4364 facila
1203 4311 1287 4378 possit
1315 4311 1441 4379 suppleri,

263 4407 371 4453 ceteros
391 4400 439 4454 sub
459 4416 509 4454 uem
530 4410 614 4456 trans.
