3306 5050
759 417 976 480 „60-

280 615 433 681 evenisse
495 614 677 691 putaveris.
740 614 831 678 Part.
894 631 1001 691 praea
1070 614 1196 690 legitur
1257 615 1309 678 III
1337 621 1389 697 72,
1418 621 1455 682 4;

278 714 441 782 Διόνυσον
503 715 608 802 (φασὶ)
668 713 828 800 προάγειν
900 713 1059 788 είτάκιως
1123 716 1329 799 ποιούμενον
1398 717 1458 793 τὰς

277 821 512 909 ὁδοιπορίας..
558 826 613 887 καὶ
649 820 931 908 προσφερόμενον,
962 828 1043 891 XVI
1062 833 1160 908 31,3:
1194 821 1253 909 τῆν
1279 821 1306 892 ὁ.
1332 850 1448 891 ποιου-

280 939 389 1015 μένων
413 929 467 998 διδ
491 929 604 995 τόπων
621 933 891 1016 καταδένδρου..
917 937 1103 1017 συνέμιξαν,
1122 937 1221 1000 XVII
1235 941 1287 1017 32,
1302 942 1336 1000 3;
1367 958 1457 1018 προ-

278 1045 356 1125 ῆγεν
382 1033 437 1103 ἐπ’
461 1032 563 1103 αὐτὸν
588 1036 747 1102 σύντονον
770 1035 829 1124 τῆν
853 1033 881 1104 ὁ.
906 1037 1115 1124 ποιούμενος,
1144 1044 1228 1107 XIX
1241 1049 1294 1124 26,
1310 1049 1343 1106 5:
1370 1039 1450 1105 ἔλα-

280 1152 385 1213 θον..
410 1142 469 1233 τῆν
493 1141 521 1212 δ.
546 1142 747 1226 ποιούμενοι
779 1143 861 1209 κατά
886 1142 982 1225 τάχος
1005 1144 1051 1218 εἰς
1073 1142 1133 1233 τῆν
1156 1144 1335 1233 Γαβιηνην.
1380 1151 1454 1216 Ind.

283 1275 352 1320 aar.
393 1257 609 1322 inveniuntur
642 1256 726 1320 XIX
740 1261 818 1336 5,3:
854 1248 951 1324 αὐτὸς
983 1253 1019 1316 δὲ
1060 1250 1141 1339 ῥάκη
1183 1252 1452 1337 περιβαλόμενος

279 1353 395 1444 α’νοδίη
418 1358 477 1445 τῆν
502 1355 529 1426 ὁ,
554 1355 746 1445 ἐποιήσατο,
783 1370 868 1440 part.
905 1363 1022 1426 XVIII
1040 1368 1140 1444 59,3:
1184 1355 1202 1423 ὁ
1245 1357 1275 1426 δ’
1302 1355 1454 1447 Εὐμένης

280 1486 453 1539 συντονοος
475 1462 532 1538 τάς
556 1461 584 1533 ὁ.
616 1463 876 1550 ποιησάμενος..
901 1448 979 1552 ἧκεν
1004 1463 1049 1538 εἰς
1079 1463 1138 1554 τῆν
1169 1469 1333 1534 Κιλικίαν.

392 1596 458 1658 Pru
482 1586 542 1677 τῆν
564 1585 759 1676 ὁδοιπορίαν
786 1598 961 1656 ποιεῖσθαι
978 1596 1078 1658 etiam
1102 1595 1184 1660 dicit
1208 1587 1459 1677 ὁδοιπορεῑν;

282 1702 376 1766 velut
390 1701 448 1765 inf.
463 1719 571 1779 praua.
586 1702 670 1765 XIX
689 1707 740 1783 37,
756 1708 790 1765 2ε
808 1695 861 1762 διδ
879 1703 934 1784 τῆς
951 1694 1143 1784 οἰκουμένης
1157 1696 1260 1783 χώρας
1277 1693 1323 1766 ὁδ.
1338 1695 1461 1764 οἷπεδο-

281 1808 397 1886 κίμασε
415 1817 448 1872 at
470 1816 556 1886 part.
582 1813 634 1889 37,
649 1792 682 1872 ὀὶ
707 1811 761 1891 τῆς
785 1803 952 1887 δυνάμεως
975 1799 1200 1890 πένθ’ῆμὲρας
1223 1801 1461 1892 ὁδοιπορούσης

285 1909 406 1977 ..ἔκαον
422 1918 499 1996 πῦρ.
526 1916 598 1981 Unu
622 1917 696 1979 locu
720 1917 848 1993 legitur
861 1907 920 1997 τῆν
944 1913 1201 1977 παλινοδίαν
1224 1918 1399 1977 ποιεῖσθαι
1425 1927 1461 1982 et

281 2022 395 2085 audem
420 2023 494 2086 Iucu
519 2014 780 2104 εὐθυπορεῖν,
813 2022 900 2086 XIII
922 2027 1024 2103 lau:
1055 2013 1216 2104 άπεῐργον
1250 2013 1460 2105 εὐθυπορεῖν

282 2121 365 2210 πρδς
389 2123 553 2211 Κατάνην,
588 2124 647 2214 τῆν
682 2127 882 2191 παλινοδίαν
929 2127 963 2190 δὲ
1011 2124 1316 2206 καταναγκάσαντος
1354 2126 1454 2214 ποιῆ-

282 2239 413 2298 σασίλαι.

388 2343 438 2406 Ι)ε
463 2345 631 2425 πορείαν
655 2347 840 2425 ποιεῖσθαι,
859 2345 923 2408 etsi
948 2344 1113 2422 permulta
1135 2351 1268 2408 exstant
1290 2346 1452 2428 exempla,

280 2449 452 2514 admodum
465 2452 580 2528 paucis
594 2451 823 2530 disputaturus
837 2469 918 2532 sum,
933 2451 1019 2529 quud
1032 2451 1118 2515 nihil
1132 2451 1260 2515 insoliti
1275 2452 1458 2517 invenitur.

282 2555 377 2633 Impf.
402 2557 530 2637 legitur
567 2560 654 2623 XIII
671 2565 723 2640 86,
738 2565 771 2622 5:
811 2552 1124 2642 μεταπεμψάμενοι
1159 2548 1216 2619 ἐπ’
1251 2551 1461 2640 Ἀκράγαντος

281 2654 341 2742 τῆν
364 2685 401 2726 π.
432 2657 620 2747 ε’ποιοῦντο,
645 2667 726 2730 XIV
740 2672 791 2748 59,
807 2671 841 2730 3:
866 2656 1039 2744 α’ναλαβιδν
1063 2659 1122 2740 τῆν
1146 2657 1303 2744 στρατιάν
1320 2660 1460 2726 εὔτονον

280 2761 339 2852 τῆν
374 2792 410 2834 π.
435 2763 604 2854 ἐποιεῖτο,
628 2773 709 2837 XIV
723 2778 828 2853 83,3:
861 2765 899 2833 τό
933 2770 995 2850 μὲν
1024 2774 1225 2854 πρῶτον...
1250 2763 1377 2856 ἐνίκησε
1402 2773 1460 2835 καὶ

279 2868 355 2944 τούς
377 2875 547 2948 πλείστους
571 2873 680 2941 άνεῖλε
704 2872 788 2957 μετά
814 2878 849 2940 δὲ
889 2879 992 2940 ταῦτα
1018 2872 1071 2940 διδ
1096 2877 1309 2948 Μακεδονίας
1332 2874 1391 2962 τῆν
1415 2903 1456 2944 π.

280 2974 444 3067 ἐποιεῖτο,
482 2994 516 3050 aa
552 2989 675 3065 optimo
712 2988 785 3051 iure
821 2987 911 3064 impf.
942 2994 1018 3065 post
1046 2987 1190 3050 aoristos
1219 2987 1364 3064 positum
1389 2995 1458 3066 ast;

282 3108 357 3153 nam
382 3109 422 3155 ax
448 3094 490 3157 iis
516 3112 599 3173 quaa
624 3102 809 3173 sequuntur
833 3102 972 3172 apparat
995 3094 1196 3170 Agesilaum
1216 3094 1282 3158 iter
1305 3112 1365 3171 par
1388 3095 1458 3158 Ma-

283 3197 453 3263 cedoniam
482 3209 552 3264 tum
580 3203 742 3280 temporis
771 3221 837 3265 non
871 3201 1030 3265 finivisse.
1084 3200 1162 3264 Alia
1190 3201 1341 3278 exempla
1365 3201 1457 3278 impf.
1498 3187 1500 3190 ⁵

283 3304 442 3383 leguntur
467 3313 519 3390 83,
533 3314 563 3372 4.
592 3315 664 3390 100,
682 3315 712 3372 2.
737 3309 854 3373 XVIII
868 3314 921 3389 25,
936 3315 965 3371 6.
991 3313 1043 3389 34,
1059 3315 1087 3370 6.
1113 3309 1204 3371 Part.
1231 3326 1338 3385 praes,
1357 3325 1457 3385 saepe

283 3411 454 3477 invenitur
485 3435 557 3479 uum
588 3417 724 3480 notione
757 3417 833 3496 ,iter
864 3415 1002 3496 fanianu,
1039 3433 1111 3478 cum
1136 3415 1170 3477 in
1194 3415 1316 3478 itinera
1342 3415 1455 3497 esset‘,

282 3519 377 3583 valui
400 3521 447 3584 IV
464 3528 514 3604 19,
533 3528 567 3587 3:
596 3515 758 3606 Ἡρακλῆς
787 3517 847 3607 τῆν
877 3545 913 3586 π.
932 3544 968 3585 π.
995 3521 1051 3582 καὶ
1075 3516 1241 3593 διεξιών..
1267 3515 1458 3606 ὡδοποίησε,

283 3625 333 3688 XI
347 3630 377 3706 3,
392 3633 425 3690 6:
451 3631 634 3711 προῆγεν..
661 3623 714 3710 ἐφ’
739 3622 978 3710 Ἑλλήσποντον
1000 3623 1059 3712 τῆν
1076 3651 1112 3691 π.
1137 3622 1349 3709 ποιούμενος,
1363 3634 1458 3709 36,7;

284 3734 428 3816 προῆγεν
452 3725 508 3796 ἐπ’
532 3732 736 3817 Ἐκβατάνων
750 3760 786 3800 π.
804 3759 832 3800 τ.
847 3758 894 3818 π.,
919 3736 1006 3799 XIII
1020 3741 1072 3817 54,
1087 3743 1116 3798 6.
1143 3742 1227 3816 6],6.
1252 3736 1332 3799 XIV
1352 3741 1404 3816 21,
1427 3742 1458 3799 2.

286 3843 338 3920 39,
352 3843 382 3902 4.
413 3846 466 3924 47,
491 3848 521 3907 4.
548 3851 648 3926 35,3;
690 3839 883 3923 πυίλάμενος
920 3835 995 3912 τοδς
1035 3840 1276 3924 Καρχηδονίους
1315 3837 1369 3903 διὰ
1404 3845 1459 3925 τῆς

284 3948 453 4023 μεσογείου
476 3973 503 4013 τ.
529 3972 565 4015 π,
590 3955 820 4033 ποιουμένους,
851 3952 950 4016 XVII
972 3955 1093 4031 105,3:
1131 3950 1273 4032 προῆγεν
1309 3940 1364 4010 ἐπὶ
1400 3943 1460 4026 τὴν

285 4051 472 4133 Κεδρωσίαν
496 4053 589 4140 παρὰ
614 4054 790 4121 θάλατταν
814 4082 841 4122 τ.
860 4081 896 4122 π.
915 4081 963 4140 π.,
987 4058 1071 4122 XIX
1085 4062 1137 4138 56,
1150 4061 1181 4119 4.
1208 4061 1259 4137 73,
1274 4061 1307 4120 3;
1342 4051 1460 4116 ποιοί-

284 4176 384 4236 μθνθς
407 4160 442 4223 δὲ
465 4186 547 4228 τ.π.
588 4159 642 4228 διά
681 4169 737 4240 τῆς
774 4159 908 4249 Θράκης
947 4163 1003 4225 καὶ
1041 4156 1099 4225 τὸν
1128 4147 1234 4240 Αἷμον
1262 4153 1461 4241 ὑπερβαλών

284 4272 654 4356 κατεστρατοπέδευσεν,
702 4275 759 4338 ubi
804 4281 897 4338 reete
943 4273 1056 4350 priore
1103 4272 1176 4334 Ιοοο
1223 4278 1308 4346 part.
1350 4287 1458 4347 praaa.

285 4375 429 4438 secundo
447 4386 532 4454 part.
551 4379 619 4443 aar.
638 4381 781 4458 lagitun
805 4399 890 4460 uam,
909 4397 981 4442 uum
999 4385 1109 4442 eastra
1126 4384 1275 4455 poneret,
1297 4377 1457 4441 Haemum
