3264 5050
655 465 877 526 ...11—

176 657 344 738 πολεμίων
367 659 601 740 περιεγίνοντο.
627 647 665 718 od
685 648 752 740 μὴν
775 649 906 718 ἄλλ’έπὶ
923 660 986 736 μέν
1003 677 1077 718 τινα
1094 653 1211 740 χρόνον
1228 653 1260 717 οἱ
1276 676 1357 719 κατα

176 761 236 850 τὴν
268 756 406 828 Ἰταλίαν
423 756 575 848 Ἕλληνες
609 757 776 840 ὑπέμενον
806 758 864 825 τόν
888 764 1086 828 κίνδυνον..
1104 782 1134 828 .·
1167 758 1208 834 ὦς
1231 763 1266 826 δὲ
1289 757 1349 847 την

176 876 235 934 τοῦ
258 873 438 956 στρατηγοῦ
462 867 613 954 τελευτὴν
638 866 805 933 ἐπύθοντο
830 870 1182 954 (cum-cognovissent)
1212 872 1266 934 καὶ
1294 865 1345 934 διό

176 974 236 1042 τόν
258 974 406 1062 θόρυβον
436 970 589 1062 α’λλήλοις
612 973 837 1057 ἐμπίπτοντες
861 972 1058 1060 ἠλαττοῦντο
1081 973 1240 1061 μεγάλως,
1274 975 1348 1041 τότε

179 1085 213 1149 δέ
236 1086 351 1157 τελέως
375 1078 606 1170 ἀθυμήσαντες
631 1081 827 1170 έτροίπησαν,

285 1193 348 1260 Sed
374 1213 437 1260 non
463 1194 609 1260 eiusdem
626 1195 758 1274 generis
774 1193 853 1258 locis
870 1194 972 1259 solum
991 1193 1087 1260 buius
1105 1211 1183 1258 usus
1200 1194 1349 1275 exempla

178 1301 400 1367 inveniuntur.
424 1300 510 1366 XIII
525 1306 587 1384 8,7
614 1300 752 1381 primum
784 1309 963 1365 narrantur
986 1303 1207 1367 Athenienses
1236 1303 1349 1368 decern

179 1426 280 1476 naves
313 1405 449 1490 misisse,
487 1414 554 1473 tum
589 1406 791 1487 imperfectis
826 1407 996 1490 apparatio
1032 1408 1109 1474 belli
1140 1408 1350 1488 describitur,

180 1515 317 1594 denique
339 1516 464 1581 aoristo
485 1515 615 1580 initium
633 1514 710 1578 belli
726 1519 898 1581 narratur:
916 1511 947 1575 oi
964 1508 1161 1598 δ”Αδηναῐοι
1178 1512 1256 1577 δέκα
1273 1520 1351 1586 νοῦς

179 1615 378 1684 ἀπέστειλαν
401 1623 480 1705 περὶ
511 1616 567 1692 τὰς
589 1616 776 1705 χειμερινὰς
802 1617 932 1705 τροποῖς·
961 1621 1042 1705 περὶ
1066 1621 1100 1685 δέ
1123 1617 1181 1707 τὴν
1206 1617 1350 1706 εἰαρινίν

177 1721 265 1812 ὥραν
306 1725 593 1812 παρεσκευάζοντο
624 1734 727 1808 μέγαν
761 1725 877 1791 στόλον
909 1721 1135 1796 όποστελλειν.
1172 1727 1350 1814 διόπιρ...

177 1839 381 1919 κατέγραφον
406 1831 760 1919 καί...συνηδροιζον,
785 1831 867 1899 κατὰ
893 1835 927 1898 δὲ
952 1831 1010 1920 τὴν
1036 1833 1294 1923 Πελοπόννησον
1318 1837 1348 1899 οἱ

179 1939 441 2023 Λακεδαιμόνιοι
458 1946 728 2026 παροξυνθέντες
751 1938 807 2013 τὰς
831 1936 974 2014 σπονδὰς
997 1940 1125 2026 ἔλυσαν,
1150 1945 1206 2006 καί
1222 1938 1238 2006 ὁ
1255 1941 1350 2008 πόλε-

179 2071 240 2130 μος
264 2047 428 2130 διέμεινεν
451 2045 508 2134 έτη
540 2045 675 2119 δώδεκα,
707 2050 838 2116 Pariter
860 2051 949 2116 XIII
970 2057 1022 2133 81,
1046 2057 1057 2114 1
1078 2070 1119 2116 ss.
1150 2052 1350 2133 imperfectis

178 2153 389 2242 προσεδόκων
410 2195 452 2203 -
470 2148 616 2242 η’γωνίων
643 2194 672 2202 -
707 2158 936 2237 διεπέμποντο
954 2157 1044 2241 dicit,
1070 2161 1228 2238 quomodo
1249 2161 1349 2226 urbes

179 2264 313 2330 Siciliae
345 2265 466 2330 bellum
500 2267 699 2347 paraverint,
724 2268 812 2346 8l,4
847 2271 937 2330 terra
970 2267 1261 2348 Agrigentinorum
1292 2269 1350 2332 im-

179 2370 334 2454 perfectis
369 2371 582 2452 describitur,
620 2380 687 2435 tum
732 2372 883 2452 sequitur
924 2372 1027 2452 ipsius
1069 2373 1148 2438 belli
1190 2374 1350 2440 narratio:

180 2473 590 2564 κατεκαύθη-κατεσκάφη.
623 2478 749 2544 Eadem
766 2480 897 2545 ratione
915 2497 967 2544 res
988 2498 1022 2544 sc
1038 2481 1137 2546 habet
1148 2479 1235 2547 XIII
1250 2488 1301 2564 82,
1321 2487 1351 2566 2,

180 2585 234 2650 ubi
260 2584 300 2650 de
323 2584 513 2665 pestilentia
537 2591 664 2652 narrat:
689 2581 803 2664 λοιμὸς
827 2581 982 2660 ἐξέπεσεν
1006 2583 1051 2658 εἰς
1074 2581 1110 2649 τὸ
1133 2584 1352 2672 στρατόπεδον

180 2693 235 2754 καὶ
259 2691 376 2755 πολλοὶ
398 2691 460 2771 μὲν
489 2688 665 2755 έιελεότων
696 2687 754 2754 οὐκ
785 2689 887 2773 ὀλίγον
916 2692 951 2757 δέ
980 2689 1147 2776 στρέβλαις
1173 2732 1211 2740 -
1238 2700 1351 2779 περιέ-

179 2821 315 2866 πιπτον.
351 2800 432 2864 Tum
450 2802 576 2867 aoristo
601 2800 715 2881 utitur,
741 2808 777 2864 ut
800 2819 867 2866 rem
894 2801 1025 2866 maximi
1043 2804 1196 2867 momenti
1219 2804 1349 2869 alferat:

178 2902 333 2970 α’πέὲιυνε
358 2905 393 2969 δὲ
417 2909 472 2969 καὶ
496 2899 646 2989 Ἀννίβας.
682 2908 811 2974 Deinde
835 2907 951 2973 iterum
977 2909 1101 2989 legitur
1124 2908 1350 2990 imperfectum

178 3015 232 3077 καί
256 3008 393 3098 ἤγγελόν
413 3034 497 3085 τινες
520 3013 636 3077 εἴδωλα
661 3017 852 3096 φαίνεσθαι,
878 3014 954 3082 cf.4
979 3011 1085 3077 πόλαι
1109 3015 1172 3096 μέν
1193 3005 1352 3080 ἔσπενδον

188 3159 219 3166 --
259 3118 434 3203 ἐκπέμψαι
469 3117 643 3206 βοήθειαν,
687 3118 761 3184 τότε
805 3122 839 3184 δέ
890 3160 920 3168 -
968 3117 1147 3207 στρατηγόν
1181 3130 1353 3206 Λαρναῖον

179 3225 314 3291 εὶλοντο.
1137 3219 1139 3224 ’
1389 3219 1390 3222 “

279 3354 365 3418 XIII
381 3359 412 3437 4,
431 3361 449 3418 2
467 3360 536 3421 aaa
562 3355 703 3422 aoristos
728 3347 881 3440 [ἔφησαν]
918 3393 948 3400 -
991 3349 1203 3440 ὡμολόγησαν·
1228 3394 1267 3403 -
1293 3353 1352 3419 όν-

180 3451 335 3540 εβόλοντο
367 3467 548 3541 sequuntur
576 3461 766 3543 imperfecta
798 3460 831 3525 ci
860 3461 894 3524 δὲ
922 3464 985 3524 τῶν
1009 3463 1150 3526 Σικελῶν
1172 3460 1286 3535 πόλεις
1311 3451 1361 3510 -’

182 3563 340 3650 έρρεπον,
373 3559 458 3648 ὅμως
490 3568 525 3629 δὲ
555 3607 597 3614 —-
628 3564 866 3652 ἐκαραδόκουν,
908 3569 983 3635 dein
1015 3589 1080 3635 aon.
1113 3568 1143 3630 οἱ
1182 3574 1353 3656 στρατηγοὶ

179 3667 381 3760 οἷνήχθησαν.
406 3675 598 3758 Exemplum
616 3677 689 3742 huic
702 3676 807 3742 slmila
820 3684 929 3743 exstat
942 3677 1029 3742 XIII
1044 3683 1073 3760 2,
1090 3683 1117 3743 l.
1142 3679 1243 3743 Paulo
1257 3679 1354 3744 aliter

180 3801 235 3848 res
259 3801 295 3848 se
318 3783 418 3848 habet
441 3781 555 3868 Itos,
580 3782 635 3847 ubi
659 3791 784 3869 narrat,
810 3785 967 3865 quomodo
985 3785 1055 3850 vita
1071 3805 1187 3866 regum
1208 3788 1353 3869 Aegypti

180 3889 337 3956 instituta
362 3889 473 3956 fuerit.
521 3889 612 3974 Quod
639 3911 708 3957 cum
735 3891 901 3972 describit,
928 3893 1033 3958 utItur
1063 3898 1207 3974 tempora
1239 3894 1353 3974 impor-

180 3997 276 4080 fecto,
302 3997 358 4063 sed
383 3998 416 4063 in
440 3997 503 4063 fine
527 3997 608 4063 dicit
631 3998 739 4064 omnia
765 4000 994 4078 complectens:
1027 4003 1195 4078 τοιγαροῦν
1213 4053 1218 4064 .
1237 4053 1266 4065 ..
1295 3995 1354 4084 τὴν

181 4096 363 4187 πολιτικὴν
402 4100 600 4168 κατόστασιν
646 4099 812 4188 ἐτήρησαν,
852 4097 1148 4184 εόδαίμονέσιαιον
1196 4108 1230 4169 δέ
1281 4111 1354 4188 βίον

182 4207 308 4288 ἔχοντες
332 4210 526 4275 διετέλεσαν.
552 4213 592 4277 cf.
605 4211 621 4275 I
635 4217 687 4294 74,
705 4218 724 4278 8
741 4223 775 4277 et
793 4217 846 4292 75,
867 4219 893 4277 1.
909 4250 946 4257 -
968 4214 1067 4292 1146,
1086 4220 1152 4278 lss.
1177 4215 1289 4280 eadem
1314 4215 1354 4280 de

182 4336 282 4384 causa
305 4318 462 4386 infinitivi
487 4320 602 4385 aoristi
628 4324 662 4384 et
679 4318 864 4400 imperfecti
881 4323 1023 4406 variant,
1049 4319 1089 4386 cf.
1107 4322 1208 4405 1164,
1225 4329 1253 4386 7.
1288 4321 1354 4388 N‘cc

182 4424 299 4508 minus,
337 4447 401 4508 qua
436 4427 564 4494 ratione
600 4427 687 4493 iuter
722 4445 757 4492 se
792 4427 872 4492 baec
907 4435 1055 4508 tempora
1087 4427 1249 4512 differant,
1275 4429 1355 4494 licat
