3264 5050
792 423 1005 486 ..30-

304 615 427 705 άγορὰν
450 615 535 702 μετὰ
558 621 613 704 τῆς
636 617 836 698 πανοπλίας,
861 617 905 682 id.
927 615 968 682 ir.
991 622 1043 691 no,
1064 623 1099 697 1;
1120 623 1202 698 part
1226 637 1292 684 aon,
1316 619 1367 684 111
1392 628 1423 694 3.
1446 630 1483 688 l:

305 732 493 811 ἱεμίραμιν
519 781 525 794 ,
551 779 558 792 ,
583 777 589 792 .
615 723 672 787 ἐπὶ
705 720 811 808 βραχὺ
840 727 895 808 τῆς
922 721 1100 794 Αἰθιοπίας
1129 725 1361 804 προελθοῦσαν
1396 722 1485 791 άπα-

303 839 424 916 γνιόναι
453 829 512 918 τὴν
542 829 600 896 ἐπὶ
623 826 660 895 τὸ
684 826 819 912 σύμπαν
848 827 945 902 ἔθνος
974 834 1154 914 στρατείαν,
1201 832 1294 914 Quae
1318 835 1361 898 sit
1385 838 1484 905 diffe-

302 943 410 1010 rentia
433 943 520 1008 inter
543 937 631 1021 imni.
656 947 691 1006 et
714 957 779 1003 σοι.
805 940 903 1004 nnius
925 939 1029 1018 verbi,
1055 941 1333 1022 mosengensem,
1358 943 1386 1006 si
1403 965 1483 1013 enm

302 1053 365 1117 hoo
398 1049 575 1132 participio
599 1049 842 1128 comparaveris
866 1046 1073 1127 participium
1099 1065 1221 1130 praes,
1247 1049 1331 1127 quod
1358 1052 1483 1130 legitur

302 1157 403 1224 XVII
428 1146 486 1242 91,Ι
501 1163 536 1221 l:
562 1149 739 1236 προϊόντος
763 1149 792 1218 δ’
793 1145 897 1216 αὑτοῦ
918 1148 1001 1232 μετὰ
1024 1156 1079 1238 τῆς
1101 1145 1267 1232 δυνάμεως
1288 1139 1370 1240 ἧκόν
1389 1181 1482 1230 τινες

301 1260 557 1344 άπαγγέλλονσες
590 1253 641 1326 ὅτι
674 1265 786 1344 Πῶρος
810 1309 818 1326 .
845 1316 852 1328 ,
878 1315 885 1328 ,
910 1265 1084 1342 πέφευγεν.
1130 1261 1223 1348 Quod
1254 1273 1328 1343 pont
1369 1286 1480 1346 praes,

300 1373 467 1455 signifieat
491 1389 573 1453 ‚enm
599 1369 863 1451 progrederetnr‘
889 1388 971 1450 ‚oum
995 1377 1081 1434 esset
1104 1368 1138 1432 in
1162 1369 1300 1436 itinere‘.

408 1492 504 1580 πρύςε
529 1496 629 1562 Cuius
653 1495 822 1576 compositi
847 1513 944 1559 onnm
968 1494 1065 1560 attuli
1086 1495 1151 1560 ind.
1168 1495 1256 1574 impi.
1273 1515 1379 1577 neque
1396 1509 1480 1579 puto

303 1613 479 1686 praeterea
520 1602 605 1684 apnd
646 1601 821 1668 Diodorum
867 1602 1040 1668 indicativi
1079 1603 1263 1682 exemplum
1311 1604 1479 1672 inveniri:

299 1711 384 1776 XVI
398 1717 475 1800 7,,3ε
502 1704 519 1772 ὑ
543 1709 606 1790 μὲν
629 1689 689 1772 οὑν
711 1705 887 1793 Χάρης...
911 1701 1070 1786 sandrin
1093 1705 1230 1794 προσῄει
1254 1717 1321 1778 εοῖς
1342 1716 1477 1791 τείχεσι,

299 1819 354 1881 καλ
371 1871 377 1884 .
395 1869 424 1884 ..
450 1819 661 1898 ὑιεγαινίζετο,
687 1810 704 1878 ὑ
729 1816 763 1880 δὲ
786 1819 934 1899 Χαβρίας
957 1812 1187 1898 προσπλεύσας
1209 1821 1254 1902 τῷ
1268 1817 1378 1898 λιμένι
1394 1842 1477 1885 ναυ-

299 1927 424 2006 μαχίαν
458 1919 622 2008 καρτεράν
655 1922 887 2008 avocationem
922 1924 1006 2004 quod
1039 1923 1126 2003 imni.
1163 1943 1260 1990 sensu
1295 1930 1475 1995 verborum

299 2036 382 2100 satis
407 2033 603 2100 defenditnra
637 2031 698 2098 Ini.
723 2051 827 2114 praes.
852 2032 978 2114 legitor
990 2030 1073 2096 XIV
1092 2037 1143 2112 71,
1163 2038 1195 2095 i:
1220 2025 1326 2104 οὐδεὶς
1349 2031 1476 2116 ἐτόλμα

298 2145 470 2224 προσιέναι
500 2147 567 2212 τοῖς
590 2123 767 2222 κάμνουσι,ι
784 2151 868 2222 nari.
895 2157 1000 2221 praes.
1026 2137 1189 2212 Ivem:
1215 2139 1398 2223 παρελθὼν
1428 2143 1478 2216 εἰς

297 2241 357 2332 τὴν
387 2244 500 2330 πυράν
522 2244 704 2332 παρεκάλει
733 2247 792 2310 ιὺν
822 2239 872 2310 άελ
903 2242 1085 2328 προσιόντα
1109 2251 1385 2331 (unumquemque
1417 2256 1475 2332 qui

298 2356 492 2437 sooedebal)
531 2349 668 2442 ὑφάψαι
705 2351 765 2440 τὴν
803 2351 930 2440 πυράν,
970 2355 1011 2419 nd
1053 2364 1136 2433 nari,
1177 2375 1244 2424 aon,
1285 2359 1473 2437 appositum

298 2463 344 2529 IV
359 2467 388 2548 9,
405 2473 441 2529 6:
467 2457 587 2549 Ἀθηνᾶ
622 2467 802 2548 προσιοῦσα
838 2464 894 2525 καὶ
928 2459 1129 2542 θαυμάσασα
1163 2465 1224 2525 τοῦ
1252 2465 1389 2528 παιδίου
1412 2465 1476 2550 τὴν

295 2565 395 2651 φύσιν
425 2575 596 2634 συνέπεισε
629 2565 689 2651 τὴν
710 2562 824 2654 Ἥραν
848 2563 1007 2648 ὑποσχεῖν
1038 2564 1098 2653 τὴν
1121 2566 1240 2654 θάλην,
1265 2591 1349 2652 qnae
1372 2575 1472 2637 eollo·

295 2677 381 2745 ontio
406 2679 491 2744 satis
514 2681 597 2744 mina
625 2685 731 2745 estat
756 2678 921 2745 similibus
947 2679 1025 2744 loeis
1049 2678 1253 2745 defenditur:
1301 2682 1473 2764 ‚accedens

296 2791 331 2850 et
363 2785 578 2852 admiratione
613 2784 729 2854 affecta
758 2782 945 2868 persuasit.⁶
998 2787 1146 2852 Ceterum
1186 2787 1329 2853 conferri
1361 2795 1472 2869 potest

295 2893 370 2960 hnio
394 2894 464 2958 loon
489 2895 600 2974 aliqua
624 2911 663 2960 ex
689 2902 783 2975 parte
806 2893 871 2959 XV
882 2899 934 2965 27,
950 2898 985 2957 3:
1010 2889 1201 2976 προσιόντες
1217 2890 1274 2956 ἐπὶ
1289 2889 1347 2965 τὰς
1361 2891 1475 2980 Θήβας

295 2999 351 3062 καὶ
368 3052 374 3067 .
394 3049 422 3064 ..
448 2993 680 3083 ὑστερήσαντες
713 2997 887 3085 ἄπρακτον
920 2995 1017 3078 ἔσχον
1048 2994 1109 3084 τὴν
1132 2996 1300 3085 ἐπιβολήν,
1330 3010 1365 3067 et
1388 3003 1473 3070 XVI

268 3111 270 3120 ‘
297 3113 348 3192 26,
363 3115 397 3172 θτ
424 3105 565 3192 (λέγεται
588 3109 653 3171 τῶν
677 3104 791 3190 αι’γιὺν)
816 3101 868 3171 άεὶ
890 3110 936 3192 τῷ
956 3103 1099 3187 χάσματι
1115 3102 1174 3191 τὴν
1189 3111 1392 3189 προσιοῦσαν
1414 3113 1471 3173 καὶ

297 3213 556 3300 προσβλέψασαν
572 3207 660 3300 αὐτῷ
673 3218 809 3299 σκιρτᾶν
825 3201 1030 3295 θαυμαστῶς.
1069 3215 1138 3281 Neo
1155 3216 1249 3280 video
1266 3235 1325 3281 cnr
1337 3218 1473 3284 Bekker

294 3321 341 3387 IV
361 3327 412 3406 9,6
445 3324 612 3405 παριοῦσα
635 3323 735 3390 soribi
762 3323 913 3390 voluerit.
938 3324 1023 3403 quon
1046 3341 1145 3388 sensu
1170 3323 1250 3388 nihil
1276 3325 1393 3390 molins
1416 3333 1469 3391 est

295 3433 329 3494 et
354 3437 489 3511 propter
512 3449 606 3496 usum
631 3431 801 3516 sermonis,
826 3429 858 3494 id
883 3430 968 3512 quod
993 3449 1034 3498 ex
1057 3430 1245 3510 insequenti
1262 3433 1371 3510 eapite
1388 3433 1469 3497 lieet

293 3535 502 3620 intellegere,
527 3537 634 3604 niinns
658 3545 778 3618 notum.
825 3537 975 3617 Denique
1000 3547 1082 3618 part.
1111 3555 1217 3618 prees.
1241 3544 1352 3603 exstat
1386 3539 1468 3605 XIV

294 3648 346 3723 iol,
363 3651 396 3710 i:
422 3637 656 3728 περιελθὼν..
681 3641 783 3708 ἔλαθε
807 3639 952 3724 προσιὼν
974 3647 1014 3732 τῇ
1047 3641 1251 3730 παρεμβολῇ,
1300 3646 1369 3711 Ind.
1399 3666 1468 3716 eor.

295 3750 419 3832 tegitur
442 3751 491 3818 IX
516 3751 555 3818 fr.
581 3757 612 3838 4,
627 3759 664 3820 2:
688 3745 705 3815 ὑ
729 3751 793 3833 μὲν
819 3754 1050 3835 Πεισίστρατος
1067 3804 1072 3816 .
1091 3803 1096 3816 .
1115 3805 1121 3818 ,
1140 3751 1312 3837 προσῆλθε
1335 3756 1380 3838 τῷ
1403 3750 1466 3819 Σό-

292 3855 370 3922 λωνι
394 3859 451 3922 καὶ
474 3853 631 3944 ἐπύθετο,
657 3857 728 3945 (inf.
753 3861 851 3941 Vos,
867 3865 899 3926 ὅτ
924 3855 978 3922 διὰ
1002 3853 1039 3922 οὑ
1063 3853 1192 3941 συμβὰν
1210 3913 1216 3926 ,
1234 3909 1241 3924 .
1259 3851 1299 3922 ού
1321 3856 1467 3941 νόμιμον

293 3963 496 4045 προσελθεῖν
526 3959 606 4050 πρὺς
629 3959 666 4030 τὸ
689 3971 846 4051 τέμενος),
877 3973 961 4051 part.
985 3967 1085 4048 1128,
1103 3973 1133 4032 l:
1158 3961 1357 4048 προσελθών
1379 3963 1467 4054 αὑτῷ

221 4063 223 4070 ’
293 4071 433 4144 Βέλεσυς
466 4075 521 4157 τῆς
562 4065 745 4157 εὐεργεσίας
780 4067 966 4157 ὑπέμνησε,
1001 4074 1047 4140 IV
1065 4079 1118 4149 48,
1135 4080 1169 4139 l:
1203 4068 1276 4158 (τὴν
1310 4070 1466 4160 Μήδειαν

292 4175 466 4263 ἱστοροῦσι)
498 4180 748 4264 προσελθοῦσαν
771 4176 885 4252 νυκτὸς
913 4181 1146 4266 προσφωνῆσαι
1167 4233 1173 4246 .
1195 4228 1213 4263 .,
1240 4181 1316 4248 VIII
1326 4181 1367 4252 fr.
1382 4189 1411 4264 8,
1431 4191 1465 4248 l:

292 4281 488 4368 προσελθὼν
527 4285 723 4372 παρεκάλει.
762 4289 833 4356 Xf.
855 4295 914 4354 32:
939 4284 1181 4373 προσελθόντος
1219 4282 1308 4360 σιυὺς
1333 4343 1370 4356 ..
1409 4292 1465 4354 καὶ

291 4395 486 4480 inanitione.
504 4445 510 4462 .
528 4391 804 4480 παρεκελεύσατο,
828 4397 877 4464 XI
892 4403 943 4479 26,
959 4403 991 4462 5:
1016 4391 1210 4480 προσελθών
1233 4391 1465 4480 άπελογίσατο,

291 4498 441 4590 xiiiio,
458 4509 489 4570 7:
515 4500 710 4588 προσελθών
732 4507 776 4592 τῷ
800 4505 975 4572 πυλῶνι..
1001 4498 1218 4586 άυελάμβανε.
1335 4513 1338 4520 ’
