3306 5050
678 433 895 498 ..67„

194 628 277 715 μεσά
303 633 338 696 δὲ
361 634 465 696 ταῦτα
480 684 508 697 ,.
535 625 592 715 τὴν
615 626 723 712 χοίρου
747 623 852 715 έπγγέι.
889 629 1014 694 Idadem
1032 628 1071 692 dc
1090 647 1189 692 causa
1202 627 1370 692 Diodorus

195 742 287 822 impf.
313 743 446 821 passivo
472 741 580 805 utitur
604 739 690 802 XIII
706 744 778 818 ion,
793 743 828 801 3:
856 735 1043 813 διαλεχαεὶς
1067 733 1123 796 ἐπὶ
1146 733 1205 797 τὸν
1221 726 1370 797 θάνατυν

196 843 353 930 ἀπήγετο.
400 849 468 912 Νοο
504 855 583 925 puto
621 844 848 910 offendendum
874 863 947 908 esse
973 846 1006 907 in
1032 844 1122 920 Impi'.
1160 843 1259 907 XVII
1284 848 1370 922 13,o

196 974 392 1036 quamquam
428 956 517 1019 inter
553 955 697 1017 aoristos
734 953 878 1030 positum
915 960 980 1016 est:
1017 950 1106 1020 τέλος
1141 950 1219 1014 δέ..
1253 947 1373 1027 οἱμὲν

198 1060 301 1123 οἰκίαι
336 1056 573 1143 ἀιηρπάγνγσαν,
597 1063 695 1120 τέκνα
724 1058 759 1120 δὲ
787 1058 843 1118 καὶ
868 1065 1067 1135 γυναῖκες..
1093 1052 1177 1135 μετά
1203 1058 1258 1139 τῆς
1281 1050 1372 1134 ε’σχά-

195 1189 252 1253 της
275 1161 396 1250 ὕβρεως
420 1159 599 1248 ἀπήγοντο·
624 1168 688 1228 τῶν
705 1164 740 1226 δὲ
755 1167 910 1247 Θηβαίων
934 1155 1173 1250 ἀνῃρέθησαν·
1189 1159 1337 1248 συνήχθη
1358 1197 1373 1210 -

197 1271 392 1357 διεφορήθη.
452 1276 533 1339 Nam
575 1293 646 1338 cum
683 1274 791 1338 animo
829 1273 1006 1350 scriptoris
1043 1273 1263 1337 contumeliae
1299 1290 1373 1348 cap·

196 1383 344 1448 tivorum
374 1384 649 1460 obversarentur,
674 1379 714 1444 ad
741 1397 833 1443 usum
858 1379 1048 1457 imperfecti
1073 1380 1138 1443 fuit
1162 1379 1373 1458 propensior,

200 1508 264 1568 quo
290 1489 517 1554 condicionem
543 1487 750 1565 depingeret.
951 1469 955 1480 ¹
1192 1541 1194 1546 .

306 1597 398 1660 Part.
435 1613 543 1673 pordes.
580 1602 646 1658 act.
683 1603 717 1658 et
752 1612 838 1671 pass
877 1612 940 1658 una
969 1594 1186 1658 inveniuntur·
1210 1593 1259 1656 XI
1273 1598 1375 1672 86,5:

116 1755 125 1769 .
198 1694 418 1781 ἀπαγομένου
453 1700 488 1764 ἀὲ
511 1696 556 1771 εἰς
579 1693 616 1762 τὸ
649 1695 870 1782 ἀέσμοιτήριον
885 1751 913 1764 ..
939 1695 1206 1781 συνεστράφησαν
1234 1699 1378 1767 καὶτοῖς

199 1800 365 1887 ἀπάγουσι
400 1801 457 1879 τὰς
485 1815 594 1889 χεῖρας
623 1806 799 1890 ἐπέφερον,
831 1825 892 1872 nec
924 1826 1005 1885 opus
1035 1816 1088 1871 est
1112 1808 1291 1886 explicare,
1318 1824 1377 1870 cur

201 1918 328 1995 scripta
353 1918 431 1998 sint,
467 1935 574 1996 neque
611 1917 692 1982 XVI
705 1921 807 1996 43,7:
845 1909 921 1975 ἐπεὶ
957 1906 1202 1991 δ’ἀπυγόμευος
1226 1903 1378 1993 εἶπεν,

200 2018 386 2107 μετενόησε,
401 2024 499 2088 XVII
518 2004 570 2105 30,
585 2031 619 2087 5:
645 2004 858 2100 ἀπαγόμενος
881 2015 1048 2103 ἀνεβόησε,
1074 2026 1127 2101 84,
1142 2028 1175 2084 6;
1201 2013 1259 2082 τὸν
1282 2015 1378 2096 ὄχλον

201 2121 340 2208 ἀπάγων
374 2124 448 2199 τοὺς
483 2126 600 2200 ἱππεῖς
634 2133 861 2210 συνεπέστησε.
910 2129 973 2192 Ini'.
1010 2147 1118 2206 praes
1145 2137 1196 2192 est
1219 2129 1280 2191 XV
1298 2132 1376 2208 6,3:

202 2239 399 2316 προσέταξεν
422 2231 455 2300 οἷ.

307 2343 379 2408 Ind.
405 2363 474 2408 aor.
500 2344 628 2423 legitur
650 2345 729 2425 He,
744 2351 778 2408 5:
796 2338 949 2426 ἀπήγαγε
973 2337 1032 2419 τὴν
1057 2336 1200 2419 δύναμιν
1224 2332 1293 2402 ἀπὸ
1319 2343 1379 2401 τοῦ

203 2453 367 2532 ποταμοῦ,
393 2451 479 2516 idem
500 2469 582 2516 cum.
608 2450 699 2530 impf.
726 2452 922 2516 coniunctus
940 2451 1051 2530 Xido,
1067 2455 1100 2512 5:
1128 2447 1255 2512 Γέλων,
1277 2498 1283 2511 .
1303 2439 1379 2516 τοὺς

204 2556 341 2626 πολίτας
365 2550 463 2639 ἀγσήγ.
499 2554 545 2627 εἰς
578 2553 636 2627 τάς
670 2553 880 2638 Συρακούσας
909 2557 963 2617 καὶ
996 2550 1159 2640 ἀποδοχῆς
1188 2551 1380 2658 drupparum

205 2665 272 2728 alia
297 2665 448 2742 exempla
472 2664 629 2748 X114,o.
664 2670 759 2745 51,2.
795 2665 881 2728 XIII
896 2670 1006 2745 68,8;
1043 2664 1124 2727 XIIv
1141 2668 1242 2744 26,4:
1291 2659 1382 2723 οὗτοι

204 2767 266 2847 μὲν
300 2769 380 2851 περὶ
413 2762 470 2840 τὰς
504 2763 694 2850 ὁδοιπορίας
730 2768 885 2852 ἐγίνοντο,
915 2764 1024 2854 τάγνάὲ
1042 2764 1185 2848 δύναμιν
1209 2760 1379 2848 ἀπήγαγεν

203 2869 394 2956 ὁβασιλεάς
428 2872 474 2946 εἰς
510 2876 702 2960 Βαβυλῶνα,
740 2883 792 2958 38,
808 2883 837 2942 3.
874 2883 927 2958 40,
946 2885 975 2941 6.
1014 2883 1066 2958 75,
1081 2882 1110 2940 3.
1150 2883 1245 2958 75,7.
1283 2882 1335 2956 80,
1351 2883 1380 2940 6.

206 2977 259 3062 si,
273 2987 303 3048 3.
343 2989 415 3066 roo,
431 2990 460 3048 5.
496 2986 670 3066 revoat.
710 2991 761 3066 73,
775 2991 805 3049 4.
842 2986 1053 3066 xviima,
1089 2986 1147 3049 inf.
1183 2986 1216 3048 in
1242 3003 1289 3047 or.
1316 2983 1380 3046 σοι.

205 3088 350 3171 flaua
393 3090 571 3175 XII47,5.
612 3093 698 3156 XIII
714 3097 786 3174 107,
802 3097 831 3156 3.
872 3093 952 3156 XIV
967 3097 1020 3174 24,
1035 3099 1064 3155 (5.
1101 3093 1163 3154 XV
1179 3096 1260 3171 6,4;
1295 3099 1381 3168 part.

205 3195 589 3280 xior,4.xr11co,3.
616 3206 668 3280 οι,
685 3206 712 3263 1.
741 3205 857 3281 roca

311 3304 454 3368 Notione
479 3307 558 3370 intr.
585 3315 636 3371 est
659 3299 805 3383 dndyov
840 3306 926 3370 XIII
941 3311 1040 3386 73,4:
1066 3304 1197 3366 πολλῶν
1221 3297 1383 3382 αἰχμαλώ-

206 3428 270 3470 τοτν
294 3406 452 3490 σωμάτων
476 3408 644 3494 κυριεύσας
667 3404 797 3496 ἀπῆγεν
821 3410 878 3473 ἐπὶ
901 3407 958 3481 ἰἀς
983 3415 1069 3482 ναῦς.
1109 3416 1188 3476 Aor.
1212 3412 1383 3477 invenitur

209 3521 309 3598 73,2:
335 3520 400 3577 τοῖν
424 3512 454 3580 δ’
479 3513 654 3603 Ἀθηναίων
690 3514 914 3598 ἐξογαγόντων
948 3515 1024 3588 τοὺς
1057 3513 1255 3600 στρατιώτας
1284 3517 1382 3580 καὶ..

207 3629 510 3704 παραταττομένων
549 3619 586 3688 τὸ
623 3625 685 3706 μέν
727 3628 860 3706 πρῶτον
878 3677 910 3690 ..
947 3618 1112 3708 ὥρμησαν,
1146 3618 1216 3686 ἀπὸ
1252 3623 1286 3686 δὲ
1321 3625 1384 3684 τῶν

207 3730 323 3806 τειχῶν
358 3728 508 3814 πλήθους
537 3733 639 3814 βολῶν
679 3733 825 3816 ῥιφέντος
860 3727 1040 3817 ἀπήγαγον.
1079 3733 1153 3814 Sed,
1187 3750 1382 3812 quamquam

209 3837 321 3914 priore
358 3840 432 3903 loco
468 3859 537 3904 aor.
586 3831 739 3923 ὥρμησαν
773 3843 901 3920 sriptus
937 3850 1003 3922 est,
1027 3851 1138 3906 tamen
1174 3859 1278 3918 paene
1312 3857 1383 3903 sus-

208 3937 303 4021 picor
327 3939 497 4029 ἀπήγαγον
522 3939 711 4032 ῑοάπῆγου
740 3948 929 4013 mutandum
955 3967 1038 4012 esse.
1086 3949 1167 4012 Nam
1200 3946 1383 4012 Diodorum
1450 3970 1454 3978 ·

208 4048 279 4113 fere
316 4063 396 4130 puto
432 4073 497 4119 non
533 4055 638 4119 solum
674 4056 770 4120 verbi
807 4056 914 4133 simpl.
952 4065 986 4121 et
1016 4047 1175 4133 προάγειν
1200 4053 1257 4117 sod
1283 4053 1383 4116 etiam

208 4157 416 4236 reliquorum
441 4180 579 4243 compp,
604 4163 633 4226 si
659 4162 877 4227 intransitiva
901 4171 988 4243 sunt,
1014 4179 1145 4239 sempor
1169 4161 1272 4242 mpf,
1290 4178 1382 4223 num-

210 4282 305 4341 quam
330 4266 396 4330 ind.
433 4287 502 4332 aor.
540 4287 634 4334 usum
670 4287 753 4333 esse.
802 4269 870 4332 Nec
898 4278 1008 4333 tamen
1041 4287 1096 4332 res
1121 4277 1173 4332 est
1197 4267 1385 4332 Indubitate

208 4378 257 4452 et,
283 4373 312 4436 si
339 4375 473 4451 optimis
498 4377 532 4439 in
558 4376 729 4440 codicibus
754 4395 823 4440 aor.
847 4376 993 4440 traditus
1023 4385 1075 4440 est
1132 4414 1138 4418 -
1166 4374 1252 4454 quod
1277 4373 1384 4438 adhuc

207 4496 272 4541 non
297 4488 389 4544 certo
415 4490 547 4548 constat
574 4520 624 4565 -,
650 4485 758 4548 satius
783 4482 928 4548 fortasse
954 4492 1005 4548 est
1031 4503 1104 4548 eum
1128 4483 1287 4547 retinere.
