3306 5050
777 436 995 502 *gp-

296 628 450 715 δννᾶμεις
473 631 631 717 ἤθροισεν
656 630 700 703 εἰς
713 628 849 717 Κρήτην,
867 626 1020 717 κεκρικὼς
1036 628 1071 694 ἐκ
1088 628 1205 714 ταύτης
1221 636 1394 697 ποιεῖσθαι
1410 627 1471 710 τὴν

296 736 416 825 ὁρμήν,
450 743 491 807 cf.
505 745 567 807 XV
585 747 684 824 10‚3;
720 751 805 819 part.
841 743 1006 822 X164,1:
1042 736 1077 802 ἐκ
1101 739 1218 802 τούτου
1243 743 1315 821 (τοῦ
1337 743 1469 823 χωρίου)

295 873 323 914 τ.
342 843 369 914 ὁ,
388 845 584 929 ποιούμενοι
608 852 813 930 κατέτρεχον,
831 850 916 913 XIII
932 855 1005 930 109,
1023 854 1058 925 3;
1075 857 1161 926 part.
1184 867 1253 916 aor.
1271 849 1355 912 XIX
1367 855 1419 930 67,
1434 856 1468 912 6:

294 950 355 1039 τὴν
378 950 405 1020 ὁ.
430 953 488 1018 ἐπὶ
520 951 578 1018 τὸν
614 948 739 1038 Ἀδρίαν
771 950 994 1039 ποιησάμενος
1036 945 1252 1018 Ἀπολλωνίαν
1281 950 1316 1027 ἐξ
1347 950 1470 1036 ε’(γόδοο

295 1064 495 1144 παρέλαβεν.

399 1173 551 1236 Vidimus
592 1173 700 1250 igitur
740 1172 841 1235 etiam
881 1172 943 1236 hac
984 1171 1018 1233 in
1059 1177 1155 1247 pane
1197 1170 1246 1232 eis
1276 1170 1360 1232 lucis
1385 1188 1468 1248 quos

295 1280 468 1344 attulimus
509 1295 696 1342 communes
737 1279 831 1357 leges
871 1278 1055 1357 observari,
1101 1284 1333 1354 praeterquam
1381 1277 1469 1354 quud

295 1388 328 1450 in
357 1389 531 1447 ποιεῖσθαι
565 1379 623 1466 τὴν
652 1380 817 1445 ἐπάνοδον
853 1385 982 1462 pariter
1021 1392 1120 1461 abque
1146 1385 1179 1447 in
1211 1379 1385 1444 ἐπανιέναι
1409 1385 1469 1448 im-

295 1492 479 1570 perfectum
504 1492 639 1558 videtur
664 1487 856 1556 evitavisse.

497 2061 562 2128 IX.
609 2061 666 2126 De
691 2062 810 2125 verbo
835 2057 928 2138 ἄγειν
953 2071 988 2124 et
1012 2061 1247 2142 compositis,

398 2261 502 2323 Verbi
525 2254 619 2337 ἄγειν
642 2261 780 2337 eiusque
807 2279 932 2337 compp.
958 2267 1111 2322 sescenta
1141 2259 1174 2321 in
1199 2257 1340 2322 Diodori
1370 2260 1469 2323 libris

293 2369 511 2433 inveniuntur
535 2367 695 2444 exempla.
744 2366 835 2447 Quae
860 2368 963 2432 verba
987 2384 1049 2429 usu
1074 2372 1151 2429 sunt
1175 2375 1209 2429 et
1232 2366 1412 2432 transitivo
1435 2376 1469 2432 et

293 2475 526 2552 intransitiva
563 2474 637 2537 ideo
674 2475 708 2537 in
744 2476 838 2538 binas
881 2481 994 2550 partes
1030 2490 1069 2535 ea
1105 2471 1272 2536 distribui.
1320 2473 1394 2555 Sed,
1432 2484 1469 2539 ut

292 2582 497 2662 supradixi,
522 2601 553 2646 v.
579 2583 657 2645 intr.
682 2576 842 2660 προάγειν
867 2578 1070 2660 ‚procedere‘
1096 2580 1130 2642 in
1153 2581 1338 2656 proximum
1368 2592 1469 2659 eaput

291 2690 436 2766 seposui.
483 2689 666 2752 Praeterea
691 2689 791 2752 etiam
816 2689 878 2751 bac
903 2689 937 2750 in
961 2693 1057 2763 parte
1083 2704 1140 2749 eos
1165 2687 1256 2750 loeus
1286 2689 1466 2765 praecipue

290 2797 435 2877 respexi,
461 2796 581 2874 quibus
610 2796 755 2875 genuina
785 2793 925 2858 ducendi
955 2801 1013 2858 aut
1041 2793 1274 2870 proficiscendi
1298 2797 1390 2859 notio
1417 2797 1466 2859 in·

290 2903 425 2967 venitur
449 2920 555 2980 neque
581 2920 659 2965 usus
683 2903 942 2981 metaphoricus
968 2901 1024 2979 qui
1049 2901 1184 2981 dieitur,
1210 2909 1329 2966 exstat.
1410 2977 1412 2982 ¹

397 3010 501 3073 Verbi
537 3009 700 3086 simplicis
735 3003 826 3085 ἄγειν
861 3009 987 3072 nullum
1024 3009 1136 3073 inveni
1173 3009 1357 3086 exemplum
1393 3028 1462 3073 aur.

290 3135 376 3194 pass,
425 3117 530 3194 Saepe
566 3117 674 3180 utitur
709 3115 877 3179 Diodorus
917 3114 1019 3194 pupi,
1044 3116 1138 3180 velut
1174 3135 1246 3179 eum
1271 3117 1463 3182 accusativo

288 3224 340 3287 XI
353 3230 405 3304 28,
420 3229 453 3286 3:
476 3213 496 3296 ¹u‘
523 3214 583 3300 γὰρ
599 3217 808 3302 Μαρδόνιος.
824 3272 830 3285 .
844 3215 880 3282 τὸ
905 3219 967 3298 μὲν
991 3223 1124 3299 πρῶτον
1148 3222 1211 3282 τῶν
1235 3217 1271 3282 ἐν
1288 3222 1463 3283 Πελοπον-

288 3326 374 3414 νήσῳ
411 3325 540 3391 πόλεων
575 3323 736 3411 ἐπειρᾶτό
758 3348 850 3398 τινας
877 3319 1128 3409 ἄφιστᾶνειν,,,
1153 3323 1235 3407 μετὰ
1261 3327 1462 3395 δὲταῦτα..

289 3429 425 3500 ἅπασαν
449 3420 524 3519 ἦγεν
559 3433 618 3498 ἐπὶ
652 3431 711 3510 τὴν
735 3431 874 3520 Ἀττικὴν
898 3431 958 3520 τὴν
982 3430 1135 3517 δύναμιν,
1172 3455 1235 3516 quo
1272 3439 1345 3502 1000
1370 3439 1461 3516 impf.

288 3546 359 3608 sine
392 3545 491 3608 dubio
523 3552 616 3608 recte
647 3544 808 3608 traditum
840 3553 906 3620 est3
938 3563 1012 3607 uam
1036 3563 1101 3607 nou
1126 3545 1160 3608 iu
1184 3546 1331 3637 Atticam
1356 3546 1462 3622 ipsam

288 3652 452 3729 pervenit.
500 3653 587 3715 Ante
612 3652 757 3715 aoristus
782 3651 909 3730 legitur
933 3651 1019 3715 XIII
1033 3655 1110 3730 6,4:
1137 3646 1168 3709 οὶ
1192 3649 1254 3728 μὲν
1278 3640 1337 3711 οὖν
1352 3658 1461 3734 Συρα-

288 3753 391 3818 κόσιοι
420 3737 497 3839 ἦγον
520 3749 558 3817 τὸ
583 3752 806 3837 στρατόπεδον
831 3752 888 3817 ἐπὶ
911 3750 971 3826 τὴν
996 3752 1160 3839 Κατάνην·
1186 3753 1217 3816 οἱ
1240 3757 1274 3819 δὲ
1297 3753 1461 3841 Ἀθηναῖοι

287 3859 622 3946 παραπλεύσαντες..
651 3859 760 3944 κύριοι
800 3867 997 3946 κατέστησαν
1028 3863 1083 3924 καὶ
1107 3857 1320 3947 παρεμβολὴν
1349 3862 1462 3950 ἐποιή-

286 3988 396 4053 σαντο,
421 3973 478 4035 ubi
501 3973 630 4049 pariter
654 3971 744 4049 irupf.
769 3974 869 4035 rebus
894 3973 977 4050 ipsis
1002 3971 1209 4048 defenditur;
1235 3972 1275 4036 cf.
1301 3974 1345 4037 ib.
1362 3980 1412 4055 11,
1429 3981 1458 4038 2.

288 4084 339 4160 68,
355 4083 383 4142 3.
408 4079 489 4142 XIV
504 4084 605 4159 55‚7:
630 4072 802 4146 Διονύσιος
824 4072 1024 4161 α’(γορμησεν
1048 4075 1106 4140 ἐπὶ
1140 4081 1358 4157 Συρακουσῶν
1394 4080 1459 4141 δια-

286 4186 436 4265 φθείρων
459 4177 519 4250 τὴν
548 4181 656 4264 χώραν
681 4179 723 4246 δι’
762 4168 797 4262 ἧς
831 4169 887 4265 ἦγε
921 4180 981 4264 τὴν
1005 4180 1154 4267 δύναμιν,
1178 4187 1241 4250 XV
1255 4192 1307 4268 46,
1321 4192 1351 4252 4.
1376 4189 1457 4252 XVI

285 4297 382 4374 45,1,
419 4293 540 4357 iterum
577 4313 649 4358 aum
685 4312 754 4356 aor.
792 4294 1002 4358 coniunctum
1033 4294 1215 4374 ΧΧ39,3;
1238 4287 1261 4354 ἄ
1283 4288 1322 4374 δὴ
1345 4290 1457 4356 ποθο-

285 4419 383 4476 μενος
407 4391 424 4459 ὁ
451 4393 640 4484 Ἀγαθοκλῆς
663 4379 719 4483 ἦγε
744 4393 826 4460 κατὰ
850 4395 946 4477 τοῖχος
969 4393 1028 4460 τᾶν
1051 4395 1203 4481 δύναμιν,
1228 4401 1283 4462 καὶ
1305 4395 1379 4463 τινα
1396 4399 1459 4478 μὲν
