3306 5050
781 410 999 480 -gg-

298 631 353 677 res
384 619 501 702 gestae
531 611 736 676 Graecorum
760 620 955 693 narrantur,
987 611 1172 676 mirandum
1197 619 1258 676 est.
1305 611 1391 676 Novi
1415 612 1471 676 vix

299 721 477 800 quidquam
513 721 547 784 in
572 738 685 784 eorum
716 739 779 784 usu
814 721 947 801 inveni,
979 721 1046 784 nisi
1071 720 1157 799 quod
1182 721 1264 784 haee
1289 721 1471 797 composita

300 847 341 892 ex
373 829 407 894 vi
444 828 706 905 praepositionis
742 827 886 894 fortasse
921 828 1029 908 magis
1065 827 1106 892 ad
1131 827 1222 905 impf.
1249 828 1302 893 vel
1327 846 1396 891 aor.
1422 828 1470 891 in·

298 936 425 999 olinant
449 953 545 1014 quam
570 935 639 999 illa.
687 936 870 1000 Praeterea
905 935 994 999 inter
1030 935 1182 1014 singulus
1218 935 1330 1012 operis
1358 943 1471 1011 partes

298 1041 457 1121 quaedam
483 1041 704 1124 differentiae,
730 1042 1001 1121 quemadmodum
1026 1043 1060 1106 in
1089 1043 1167 1106 aliis
1192 1060 1322 1121 quoqne
1346 1043 1470 1122 verbis,

297 1149 455 1214 videntur
479 1157 628 1231 exstare,
665 1149 704 1214 de
729 1170 794 1229 qua
817 1169 865 1232 re,
890 1157 927 1214 ut
951 1168 1053 1228 supra
1077 1149 1164 1229 dixi,
1182 1150 1245 1213 hoo
1269 1149 1343 1212 loeo
1369 1148 1473 1213 disse-

296 1275 372 1321 rere
397 1257 485 1320 nolo.
1140 1309 1142 1314 ,

400 1365 439 1428 V.
465 1365 573 1442 simpl.
597 1361 713 1425 πλεῖν
736 1365 865 1444 legitur
888 1363 979 1442 impf.
1004 1365 1073 1428 XII
1085 1369 1186 1445 49,4;
1222 1359 1267 1445 (οἱ
1291 1353 1473 1446 Ἀθηναῖοι)

297 1465 426 1549 γνόντες
460 1463 497 1532 τὸ
532 1463 661 1549 γεγονός
695 1474 817 1547 ταχέως
852 1465 1081 1555 πληρώσαντες
1109 1473 1187 1540 ναῦς
1211 1464 1325 1539 ἱκανάς
1351 1465 1473 1532 ἔπλεον

297 1572 342 1647 εἰς
365 1573 425 1661 την
449 1575 629 1656 Σαλαμῖνα.
666 1573 697 1638 οἱ
721 1575 756 1639 δέ
780 1572 1043 1659 Πελοποννήσιοι
1066 1580 1121 1662 τῆς
1145 1573 1301 1657 ἐπιβολῆς
1334 1577 1473 1660 διαφευ-

298 1687 432 1754 σοέντες
468 1675 688 1747 α’πέπλευσαν
713 1679 759 1753 είς
781 1679 842 1766 τὴν
866 1681 1002 1749 οἰκείαν.
1050 1685 1145 1763 Impt'.
1171 1687 1279 1762 igitur
1303 1684 1473 1750 indicatur

295 1793 519 1858 Athenienses
566 1811 632 1856 non
674 1811 776 1871 usque
817 1792 858 1857 ad
895 1793 1093 1857 Salaminem
1129 1794 1341 1871 pervenisse3
1377 1794 1472 1870 prius

296 1901 382 1964 enim
413 1900 652 1978 Peloponnesii
688 1900 728 1964 ab
764 1900 825 1964 illa
856 1901 966 1965 insula
991 1899 1228 1964 discesserant.
1276 1900 1325 1964 De
1351 1908 1472 1964 oonatu

296 2006 421 2071 dicitur
444 2006 531 2072 XIII
547 2013 597 2089 15,
613 2012 646 2070 3:
672 2001 703 2066 οἱ
727 1997 795 2067 δ’έν
817 2013 888 2076 ταῖς
911 1989 1006 2069 ναυσὶ
1029 2008 1264 2076 παιανίσαντες
1280 2001 1400 2068 ἔπλεον
1416 2005 1473 2066 καὶ

295 2111 425 2175 διέλυον
447 2107 485 2175 τό
511 2115 648 2196 ζεῦγμα,
673 2114 714 2178 of.
736 2119 841 2196 45,1:
873 2107 1207 2196 ἔπλει-κατεπλάγη,
1240 2120 1291 2196 50,
1305 2119 1340 2178 4:
1367 2109 1391 2177 ἔ.
1417 2113 1472 2174 καὶ

296 2213 512 2304 ὖπετέμοντο,
539 2228 591 2302 77,
605 2227 636 2285 3.
650 2219 731 2286 XIV
747 2226 798 2302 55,
813 2228 849 2285 2;
864 2216 1106 2299 ἐπιγενομένου
1124 2215 1313 2298 πνεύματος
1337 2211 1471 2303 ου’ρίου..

293 2324 334 2390 τά
359 2327 421 2406 μὲν
450 2324 595 2412 φορτηγά
631 2330 695 2390 τῶν
730 2329 856 2391 πλοίων
893 2324 990 2391 ἔπλει
1024 2321 1077 2391 διά
1100 2331 1160 2390 τοῦ
1182 2324 1354 2410 πελάγους,
1380 2325 1414 2389 αἱ
1438 2326 1472 2388 dd

294 2431 441 2520 τριήρεις
466 2431 630 2498 ἔπλευσαν
655 2431 698 2504 εἰς
721 2429 934 2519 τηνΛιβόην,
959 2441 1011 2518 84,
1026 2442 1055 2500 5.
1081 2433 1181 2500 XVII
1196 2441 1310 2516 111,2.

399 2541 492 2607 Part.
518 2561 626 2621 praes.
641 2544 711 2622 legi
724 2543 740 2607 I
753 2547 804 2623 56,
817 2548 857 2607 4:
881 2535 940 2604 τὸν
952 2540 1127 2605 Μενέλαον
1140 2538 1170 2610 ἐξ
1184 2532 1286 2603 Ἰλίου
1303 2539 1468 2605 πλέοντα..

295 2647 503 2731 παραβαλεῖν
556 2643 601 2718 εἰς
652 2645 816 2728 Αἴγυπτον
858 2648 945 2732 (oum
995 2651 1096 2714 Troia
1143 2656 1396 2731 reverteretur,
1436 2651 1471 2712 in

294 2754 431 2839 reditu),
457 2757 557 2838 1128,
572 2763 605 2820 2:
630 2762 698 2826 τοῖς
721 2751 805 2818 κατὰ
829 2749 889 2817 τόν
914 2751 1088 2840 Εὐφράτην
1112 2759 1276 2839 πγέουσιν,
1306 2757 1354 2820 IV
1368 2761 1469 2839 83,4:

294 2861 348 2927 πλ.
364 2857 410 2933 είς
433 2857 600 2927 Ἰταλίαν..
627 2863 683 2924 καὶ
706 2863 987 2946 προσορμισθεὶς..
1013 2858 1184 2945 ἐκόσμησε,
1209 2865 1350 2945 V20,1:
1387 2865 1468 2924 uor-

294 2988 382 3038 νικες
451 2972 589 3047 συνεχως
655 2967 710 3034 πλ.
779 2961 958 3040 ..άποικίας
1021 2965 1230 3054 ἐποιήσαντο,
1289 2971 1344 3034 ubi
1397 2988 1467 3034 rem

294 3077 466 3143 durantem
513 3085 548 3140 et
595 3077 690 3156 qnasi
737 3078 978 3159 secundariam,
1025 3085 1175 3155 tempore
1215 3077 1369 3156 infinitio,
1394 3095 1464 3141 rem

294 3185 394 3262 primi
426 3184 569 3267 ordiuiS,
599 3203 663 3264 qua
692 3203 804 3250 rerum
829 3204 954 3251 summa
978 3184 1113 3265 dicitur,
1138 3185 1258 3249 aoristi
1283 3183 1390 3248 forma
1414 3202 1468 3248 ex-

294 3293 429 3373 pressit,
456 3290 497 3356 ui.
522 3300 700 3370 praeterea
724 3293 819 3373 Vno,
834 3296 863 3356 3.
888 3292 973 3356 VIII
986 3291 1008 3356 f.
1024 3299 1053 3373 7,
1068 3298 1097 3355 2.
1123 3292 1209 3356 XIII
1225 3296 1279 3373 46,
1298 3298 1331 3356 2:
1367 3283 1468 3353 Ἀλκι-

294 3392 408 3479 βιάόης
432 3393 586 3482 ἐπεφάνη
610 3397 666 3462 πλ.
692 3393 775 3460 κατά
799 3393 901 3479 τύχην
925 3394 970 3467 είς
981 3391 1229 3482 Ἑλλήσποντον,
1254 3403 1307 3480 64,
1321 3405 1351 3462 2.
1367 3405 1418 3479 77,
1433 3405 1467 3462 7:

295 3504 453 3567 διενοεῖτο
489 3498 550 3578 ἐξω
587 3503 642 3569 πλ.
674 3511 800 3589 φυγεῖν,
836 3505 917 3571 XIV
943 3511 994 3588 55,
1016 3512 1051 3569 2;
1088 3511 1286 3586 καταφανεῖς
1318 3483 1400 3588 ἦσαν
1435 3500 1469 3565 αἱ

293 3614 424 3692 πρῶται
447 3609 514 3694 πλ.,
542 3618 616 3695 100,
631 3618 664 3678 3;
701 3607 874 3694 μετειόρων
909 3611 1079 3674 πλεουσῶν
1116 3602 1233 3676 αὐτῶν.
1258 3603 1275 3672 ό
1298 3605 1469 3681 Διονόσιος

294 3715 474 3780 ἐπέπλευσε
499 3721 584 3796 (oum
602 3721 636 3785 in
653 3721 721 3785 alto
739 3721 823 3784 mari
840 3717 1069 3803 veherentur),
1088 3725 1161 3801 100,
1177 3725 1211 3798 5;
1236 3718 1294 3783 ini.
1312 3719 1347 3784 Π
1364 3724 1415 3801 55,
1429 3724 1466 3783 4;

293 3826 392 3888 πλεῖν
427 3823 463 3886 δὲ
494 3801 721 3889 ’διεκελεύοντο
745 3821 829 3908 πρὸς
863 3821 923 3911 την
946 3828 1160 3909 μεσημβρίαν,
1191 3826 1232 3890 of.
1256 3827 1304 3891 IV
1317 3832 1413 3909 41,2.
1439 3827 1467 3890 V

294 3939 347 4015 20,
360 3937 391 3996 4.
416 3933 466 3999 XI
481 3939 532 4015 12,
547 3941 580 3999 2;
607 3940 659 4016 37,
674 3941 703 3998 2.
728 3935 797 3998 XII
810 3939 841 4016 3,
857 3939 884 3998 l.
902 3934 989 3999 XIII
1004 3938 1055 4017 12,
1073 3941 1105 3998 7:
1123 3928 1312 4011 μελλόντων
1329 3924 1468 3995 δἀότων

293 4042 332 4125 τῇ
355 4032 509 4122 ὑστεραίᾳ
545 4041 600 4106 πλ.
638 4036 790 4115 ἐξέλιπεν
824 4032 995 4125 ἡσεληνη,
1026 4046 1080 4122 40,
1095 4046 1124 4106 5.
1150 4046 1203 4123 64,
1220 4048 1250 4105 2.
1276 4041 1356 4105 XIV
1369 4046 1466 4123 49,1.

295 4153 347 4229 oo,
360 4151 390 4211 4.
417 4152 469 4229 so,
483 4151 513 4211 4.

382 4254 488 4318 Multo
502 4253 748 4332 frequentiores
762 4255 862 4318 etiam
877 4255 996 4319 aoristi
1010 4263 1097 4319 sunt.
1108 4255 1179 4319 Iud.
1189 4255 1370 4334 legiturIV
1380 4260 1466 4336 26,2;

291 4339 399 4422 άολον
433 4355 543 4442 λαβὼν
578 4357 721 4440 ἐνεγκεῖν
749 4357 909 4423 ἔπλευσεν
937 4357 982 4431 εἰς
1005 4356 1065 4444 τὴν
1088 4357 1218 4444 Λιβύην
1242 4367 1295 4445 29,
1314 4367 1343 4425 5.
1370 4366 1422 4443 31,
1437 4368 1466 4426 5.
