3264 5050
768 445 991 515 ..ῆς-

292 636 368 715 τοέις
383 645 463 729 περὶ
478 637 648 728 Ἡρακλέα
673 646 728 707 καὶ
750 641 914 709 Διόνυσον
938 641 1094 716 ἐπιόντας
1117 639 1253 710 ἅπασαν
1276 641 1336 732 τῆν
1364 645 1471 711 οἰκου-

293 757 397 836 μένην
425 805 431 816 .
456 804 462 817 .
487 752 765 838 καταπολεμῆσαι,
812 754 861 818 ΧΙ
894 760 924 836 3,
942 761 975 818 5:
1007 757 1073 816 τῶν
1106 759 1274 836 πρέσβεων
1308 751 1472 818 ἐπιόντων

291 861 346 921 καὶ
371 907 379 923 .
405 912 410 923 .
435 856 616 922 αἰτούντων
641 914 647 926 ,
671 909 679 922 .
703 855 955 943 (ἐπεδείκνυντο,
979 869 1033 944 82,
1051 870 1079 926 5.
1104 859 1190 926 XIX
1214 869 1267 944 64,
1286 871 1314 928 2.

383 986 486 1050 Multo
512 986 659 1067 pluribus
682 988 781 1068 loeis,
814 995 973 1067 utsupra
998 987 1086 1068 dixi,
1111 989 1255 1053 auristus
1279 989 1365 1070 apud
1392 990 1470 1054 Die-

293 1093 408 1157 dorum
442 1094 626 1176 invenitur,
660 1099 744 1174 quoti
775 1101 894 1157 natura
924 1094 1022 1159 huius
1053 1094 1144 1160 verbi
1171 1097 1289 1174 partim
1314 1097 1469 1179 efficitur,

292 1218 354 1265 nec
385 1211 494 1266 temen
528 1211 579 1266 est
603 1201 704 1265 ullum
730 1202 931 1280 exemplum,
964 1206 1048 1280 quod
1073 1202 1291 1281 explicatione
1315 1213 1472 1268 accurate

292 1317 399 1390 egeat,
446 1308 549 1391 Quam
580 1311 711 1374 obrem
738 1327 802 1374 non
826 1308 860 1371 in
884 1308 991 1372 animo
1016 1309 1119 1373 habeo
1143 1309 1249 1373 omnia
1274 1310 1326 1374 hie
1350 1309 1470 1377 afferre

291 1417 458 1500 exempla,
491 1418 550 1483 sed
573 1434 679 1498 peuce
704 1415 903 1497 propositum
929 1425 981 1480 est
1003 1417 1114 1481 verbis
1138 1415 1319 1497 exprimere
1341 1419 1471 1498 relique

291 1529 419 1589 tantum
459 1541 659 1589 enumerare.
713 1522 894 1588 indicativi
923 1523 1097 1602 leguntur:
1121 1523 1137 1586 Ι
1162 1529 1221 1604 55,
1242 1529 1278 1588 3;
1303 1515 1344 1586 οδ
1364 1519 1471 1604 μόνον

291 1626 351 1714 γάρ
373 1626 433 1714 τήν
457 1623 591 1714 ὕστερον
614 1622 675 1693 ὑπ’
690 1625 895 1712 Ἀλεξάνδρου
919 1631 980 1691 τοῦ
996 1626 1189 1701 Μακεδόνος
1205 1635 1471 1716 κατακτηθεῖσαν

289 1735 397 1821 χώραν
414 1737 566 1817 ἐπῆλθεν
581 1731 664 1801 α’λλὰ
688 1740 746 1798 καί
763 1758 838 1800 τινα
860 1739 925 1799 τῶν
954 1733 1063 1799 ἐθνῶν
1086 1713 1130 1799 ὧν
1153 1734 1276 1808 ἐκεῖνος
1299 1733 1338 1800 ori
1368 1744 1470 1822 παρέ-

289 1847 388 1928 βαλεν
406 1843 451 1917 εἰς
474 1840 533 1930 τήν
558 1842 676 1929 χώραν.
704 1845 737 1909 lI
756 1852 786 1930 2,
805 1851 842 1910 3:
867 1840 995 1927 ἐπῆλθε
1010 1839 1072 1927 τήν
1088 1846 1242 1927 Περσίδα,
1255 1846 1351 1911 idem.
1371 1852 1421 1930 14,
1443 1853 1470 1911 1.

290 1957 320 2021 V
345 1963 396 2036 76,
419 1962 448 2021 I:
472 1946 723 2038 παρειληφήναι
747 1999 795 2027 ..,
841 1945 891 2015 ὅτι
914 1949 1049 2032 ἐπῆλθε
1071 1946 1131 2038 τήν
1155 1950 1362 2039 οἰκουμένην,
1381 1954 1470 2020 ΧΙΙΙ

291 2069 399 2145 68,1:
429 2054 559 2145 ἐπῆλθε
581 2058 641 2124 τδν
653 2054 904 2145 Ἑλλήσποντον,
928 2060 1008 2124 XIV
1036 2067 1065 2138 i,
1084 2066 1121 2124 6:
1152 2063 1297 2142 θρασέως
1320 2057 1471 2144 ἐπῆλθεν

290 2162 330 2240 ὦς
351 2165 517 2253 πατήξων,
533 2176 585 2252 90,
605 2176 644 2231 7:
669 2164 800 2250 ἐπῆλθε
815 2161 876 2250 τήν
892 2163 1001 2248 χώραν
1018 2163 1217 2252 έμπυρίζων,
1237 2167 1275 2231 ef.
1294 2175 1472 2248 praeterea

289 2277 352 2342 XV
383 2283 482 2360 31,3.
523 2283 624 2358 aee.
666 2277 767 2341 XVII
790 2282 821 2358 e,
843 2281 868 2339 1.
909 2281 960 2357 τε,
983 2281 1007 2338 1.
1054 2280 1125 2360 104,
1142 2284 1172 2340 4.
1213 2281 1312 2360 rte.
1350 2275 1470 2340 XVIII

290 2391 320 2468 3,
343 2391 368 2449 ι,
397 2384 484 2450 xlx
511 2390 609 2468 ree.

286 2477 289 2482 ¹
396 2492 557 2560 Infinitivi
587 2493 744 2573 leguntur
767 2491 783 2555 I
809 2495 919 2569 20,1:
944 2487 1133 2574 (Διόνυσον)
1162 2493 1323 2567 γενέσθαν
1354 2485 1389 2553 δὲ
1413 2491 1471 2552 καὶ

289 2601 369 2683 περὶ
407 2594 465 2672 τήν
503 2603 567 2662 τῶν
605 2593 793 2680 ἐλεφάντων
827 2592 938 2681 θήραν
961 2597 1016 2659 καὶ
1040 2593 1156 2681 στήλας
1183 2649 1190 2662 .
1217 2651 1224 2663 .
1256 2597 1468 2660 καταλιπεῖν-

287 2705 445 2771 ἐπελθεῑν
480 2706 514 2771 δὲ
539 2707 594 2769 καὶ
617 2702 719 2770 τᾶλλα
748 2701 788 2768 τὰ
813 2700 896 2767 κατὰ
920 2698 979 2766 τήν
1003 2696 1105 2767 Ἀσίαν
1129 2701 1212 2788 ἔθνη
1235 2705 1290 2766 καὶ
1319 2725 1468 2787 περαιω-

287 2819 408 2900 θῆναι,
434 2815 485 2880 111
499 2821 595 2897 εςι.
627 2821 680 2898 55,
694 2820 722 2878 4.
758 2819 851 2895 et,4.
887 2812 1008 2894 ναν.
1042 2815 1093 2892 οε,
1107 2820 1136 2876 4.
1173 2817 1268 2894 τήν.
1301 2812 1469 2895 1v1e2,

288 2929 377 2998 56,1.
404 2922 583 3002 Partieipia
607 2927 742 2988 exstent
766 2923 784 2986 I
809 2926 861 2999 20,
886 2925 923 2986 3:
948 2919 1038 2988 τέλος
1061 2920 1096 2982 δὲ
1119 2914 1179 2981 τὸν
1198 2915 1334 3003 Ὄσιριν
1357 2921 1470 2981 πᾶσαν

287 3023 348 3114 τήν
372 3026 571 3115 οἰκουμένην
588 3024 778 3092 ἐπελθόντα
794 3019 1022 3111 εὐεργετῆσαι,
1049 3033 1101 3108 88,
1121 3033 1156 3091 7;
1184 3022 1267 3088 ἔνιοι
1284 3024 1319 3088 δὲ
1339 3026 1468 3104 λέγουσι

288 3135 441 3213 ἐκδιῶξαι
482 3131 556 3208 τους
600 3132 817 3216 ἐπελθόντας,
873 3135 907 3199 ΙΙ
939 3141 989 3214 17,
1008 3144 1043 3199 6:
1083 3136 1194 3197 πᾶσαν
1218 3129 1383 3219 ἐπελθών,
1407 3129 1470 3217 τῆν

289 3237 433 3329 Ἰνδικήν
465 3241 602 3329 ἤθροισε
650 3240 813 3324 δύναμεν,
849 3241 902 3308 ΠΙ
935 3248 986 3320 33,
1010 3249 1048 3306 3;
1085 3235 1278 3325 (Ἡρακλῆς)
1315 3236 1470 3304 ἐπελθὼν

289 3348 386 3417 ἔθετο
419 3349 477 3425 τὰς
507 3349 633 3438 στήλας,
658 3357 801 3418 ceterum
839 3351 917 3417 vide
946 3349 1127 3428 11163,4.
1161 3355 1211 3432 73,
1230 3355 1258 3413 6.
1286 3355 1337 3429 74,
1354 3354 1386 3415 4.
1419 3348 1469 3414 IV

288 3465 365 3546 αι.
410 3461 458 3526 IV
483 3467 535 3543 ee,
555 3467 582 3525 ο.
635 3459 769 3539 v3,3.
819 3457 887 3524 ΧΠ
910 3463 964 3539 et,
985 3462 1013 3521 1.
1055 3457 1144 3523 xm
1172 3461 1244 3540 roe,
1263 3463 1292 3521 3.
1346 3461 1418 3541 113,
1437 3461 1466 3522 3.

286 3568 368 3634 xlv
396 3574 492 3651 11,5.
535 3573 635 3651 ται.
677 3571 779 3649 eet.
823 3571 924 3647 ete.
970 3571 1022 3646 οι,
1041 3570 1071 3635 5.
1116 3570 1168 3646 99,
1187 3568 1216 3629 3.
1257 3563 1341 3629 xlx
1368 3568 1418 3645 74,
1437 3569 1467 3628 ε.

394 3688 508 3758 nard:
557 3693 659 3758 Verbi
706 3694 853 3754 κατιέναι
891 3691 1084 3772 plerumque
1122 3689 1280 3772 leguntur
1318 3687 1468 3767 exempla

287 3801 402 3865 aoristi
435 3819 494 3866 nec
526 3800 628 3867 ullum
654 3799 767 3865 notavi
793 3799 916 3882 lecum,
951 3814 1013 3877 quo
1045 3798 1111 3862 ind.
1143 3795 1231 3878 irnpf.
1263 3795 1463 3862 inveniatur.

287 3906 350 3973 Ins.
367 3926 474 3991 praes.
493 3907 636 3972 traditur
651 3907 779 3984 riv-40,
799 3912 835 3970 3:
859 3901 891 3966 oi
912 3900 1053 3986 φυγάδες
1069 3899 1287 3986 ἐπεχείρησαν
1309 3905 1466 3988 κατιέναι,

286 4015 385 4080 XVII
415 4021 486 4098 itti),
508 4021 541 4082 I:
579 4009 731 4098 ἐκήρυξεν
762 4009 797 4075 ἐν
822 4007 997 4095 Ὀλυμπίᾳ
1027 4006 1102 4082 τούς
1142 4006 1288 4092 φυγάδας
1319 4013 1468 4088 κατιένα,

287 4116 404 4193 εἰςτὰς
421 4122 591 4206 πατρίδας,
608 4120 726 4187 XXXI
749 4119 791 4186 fr.
807 4126 884 4184 322:
909 4119 1051 4181 διεδίδου
1068 4113 1180 4197 λόγους
1197 4113 1242 4188 εἰς
1265 4111 1324 4200 τήν
1339 4119 1467 4198 Συρίαν

287 4225 326 4302 οἷς
349 4230 524 4311 μέλλοντος
548 4226 607 4293 ἐπὶ
629 4223 689 4313 τήν
712 4222 873 4313 πατριήαν
896 4218 999 4311 α’ρχήν
1032 4231 1182 4288 κατιέναι
1205 4226 1265 4289 τοῦ
1281 4226 1466 4307 μειρακίου.

286 4339 325 4406 In
348 4339 485 4424 reliquis
509 4337 670 4424 exemplis
695 4353 778 4420 quae
802 4335 925 4402 contuli
950 4334 1064 4401 aeristi
1081 4335 1248 4418 leguntur,
1272 4333 1363 4399 velut
1380 4331 1466 4397 indi-

719 4647 726 4684 t
