<?xml version="1.0" encoding="UTF-8"?>
<!DOCTYPE html PUBLIC "-//W3C//DTD XHTML 1.0 Transitional//EN"
    "http://www.w3.org/TR/xhtml1/DTD/xhtml1-transitional.dtd">
<html xmlns="http://www.w3.org/1999/xhtml" xml:lang="en" lang="en">
 <head>
  <title>
</title>
<meta http-equiv="Content-Type" content="text/html;charset=utf-8" />
  <meta name='ocr-system' content='tesseract 3.04.00' />
  <meta name='ocr-capabilities' content='ocr_page ocr_carea ocr_par ocr_line ocrx_word'/>
</head>
<body>
  <div class='ocr_page' id='page_1' title='image "./deelocutionedio00hultgoog_0060.png"; bbox 0 0 3306 5050; ppageno 0'>
   <div class='ocr_carea' id='block_1_1' title="bbox 690 465 912 525">
    <p class='ocr_par' dir='ltr' id='par_1_1' title="bbox 690 465 912 525">
     <span class='ocr_line' id='line_1_1' title="bbox 690 465 912 525; baseline 0.009 -2"><span class='ocrx_word' id='word_1_1' title='bbox 690 465 912 525; x_wconf 53' lang='lat'><strong><em>-57÷</em></strong></span> 
     </span>
    </p>
   </div>
   <div class='ocr_carea' id='block_1_2' title="bbox 209 655 1388 2558">
    <p class='ocr_par' dir='ltr' id='par_1_2' title="bbox 210 655 1388 1576">
     <span class='ocr_line' id='line_1_2' title="bbox 214 655 1387 739; baseline 0.001 -20"><span class='ocrx_word' id='word_1_2' title='bbox 214 657 247 720; x_wconf 87' lang='lat' dir='ltr'><strong><em>in</em></strong></span> <span class='ocrx_word' id='word_1_3' title='bbox 283 655 393 734; x_wconf 85' lang='lat' dir='ltr'><strong>aliqua</strong></span> <span class='ocrx_word' id='word_1_4' title='bbox 427 657 562 737; x_wconf 77' lang='lat' dir='ltr'>regione</span> <span class='ocrx_word' id='word_1_5' title='bbox 595 664 627 721; x_wconf 83' lang='lat' dir='ltr'><strong><em>et</em></strong></span> <span class='ocrx_word' id='word_1_6' title='bbox 663 657 893 721; x_wconf 75' lang='lat' dir='ltr'>circumeundi</span> <span class='ocrx_word' id='word_1_7' title='bbox 929 657 1032 739; x_wconf 85' lang='lat' dir='ltr'>magis</span> <span class='ocrx_word' id='word_1_8' title='bbox 1063 660 1157 739; x_wconf 86' lang='lat' dir='ltr'>quasi</span> <span class='ocrx_word' id='word_1_9' title='bbox 1182 657 1323 722; x_wconf 77' lang='lat' dir='ltr'><strong><em>inclinat</em></strong></span> <span class='ocrx_word' id='word_1_10' title='bbox 1347 657 1387 722; x_wconf 86' lang='lat' dir='ltr'><strong><em>ad</em></strong></span> 
     </span>
     <span class='ocr_line' id='line_1_3' title="bbox 213 749 1386 844; baseline -0.003 -17"><span class='ocrx_word' id='word_1_11' title='bbox 213 762 304 843; x_wconf 80' lang='lat' dir='ltr'>iaipf.</span> <span class='ocrx_word' id='word_1_12' title='bbox 329 781 423 841; x_wconf 81' lang='lat' dir='ltr'><strong>quam</strong></span> <span class='ocrx_word' id='word_1_13' title='bbox 449 782 514 827; x_wconf 85' lang='lat' dir='ltr'><strong>aar.</strong></span> <span class='ocrx_word' id='word_1_14' title='bbox 539 763 632 842; x_wconf 75' lang='lat' dir='ltr'>Impf.</span> <span class='ocrx_word' id='word_1_15' title='bbox 657 772 788 828; x_wconf 78' lang='lat' dir='ltr'><strong><em>exstant</em></strong></span> <span class='ocrx_word' id='word_1_16' title='bbox 823 764 892 829; x_wconf 91' lang='lat' dir='ltr'>XII</span> <span class='ocrx_word' id='word_1_17' title='bbox 907 770 1005 844; x_wconf 76' lang='lat' dir='ltr'>ea‚4:</span> <span class='ocrx_word' id='word_1_18' title='bbox 1043 749 1132 826; x_wconf 76' lang='grc' dir='ltr'><strong><em>οὗτοι</em></strong></span> <span class='ocrx_word' id='word_1_19' title='bbox 1167 763 1229 843; x_wconf 79' lang='grc' dir='ltr'><strong><em>μέν</em></strong></span> <span class='ocrx_word' id='word_1_20' title='bbox 1261 759 1386 826; x_wconf 79' lang='grc' dir='ltr'><strong><em>ἐπεπο-</em></strong></span> 
     </span>
     <span class='ocr_line' id='line_1_4' title="bbox 214 862 1385 954; baseline 0.004 -23"><span class='ocrx_word' id='word_1_21' title='bbox 214 865 348 950; x_wconf 90' lang='grc' dir='ltr'><strong><em>ρεύοντο</em></strong></span> <span class='ocrx_word' id='word_1_22' title='bbox 366 862 424 951; x_wconf 84' lang='grc' dir='ltr'><strong><em>την</em></strong></span> <span class='ocrx_word' id='word_1_23' title='bbox 448 865 557 951; x_wconf 91' lang='grc' dir='ltr'><strong><em>χώραν</em></strong></span> <span class='ocrx_word' id='word_1_24' title='bbox 580 873 796 951; x_wconf 72' lang='grc' dir='ltr'><strong><em>πορθοῦντες,</em></strong></span> <span class='ocrx_word' id='word_1_25' title='bbox 820 873 885 932; x_wconf 86' lang='grc' dir='ltr'><strong><em>τών</em></strong></span> <span class='ocrx_word' id='word_1_26' title='bbox 908 870 942 932; x_wconf 80' lang='grc' dir='ltr'><strong><em>δὲ</em></strong></span> <span class='ocrx_word' id='word_1_27' title='bbox 964 873 1117 954; x_wconf 86' lang='grc' dir='ltr'><strong><em>Θηβαίων</em></strong></span> <span class='ocrx_word' id='word_1_28' title='bbox 1133 866 1345 953; x_wconf 85' lang='grc' dir='ltr'><strong><em>βοηθούντων</em></strong></span> <span class='ocrx_word' id='word_1_29' title='bbox 1358 923 1385 938; x_wconf 91' lang='grc'><strong><em>..</em></strong></span> 
     </span>
     <span class='ocr_line' id='line_1_5' title="bbox 213 971 1383 1062; baseline 0.003 -24"><span class='ocrx_word' id='word_1_30' title='bbox 213 973 372 1058; x_wconf 79' lang='grc' dir='ltr'><strong><em>ἐνίκησαν,</em></strong></span> <span class='ocrx_word' id='word_1_31' title='bbox 398 973 482 1040; x_wconf 87' lang='lat' dir='ltr'><strong><em>XIV</em></strong></span> <span class='ocrx_word' id='word_1_32' title='bbox 502 983 622 1057; x_wconf 83' lang='grc'><strong>116,1;</strong></span> <span class='ocrx_word' id='word_1_33' title='bbox 659 973 682 1041; x_wconf 76' lang='grc' dir='ltr'><strong><em>ε’.</em></strong></span> <span class='ocrx_word' id='word_1_34' title='bbox 718 971 778 1059; x_wconf 81' lang='grc' dir='ltr'><strong><em>τὴν</em></strong></span> <span class='ocrx_word' id='word_1_35' title='bbox 812 972 920 1058; x_wconf 92' lang='grc' dir='ltr'><strong><em>χώραν</em></strong></span> <span class='ocrx_word' id='word_1_36' title='bbox 951 976 1192 1062; x_wconf 76' lang='grc' dir='ltr'><strong><em>λεηλατοῦντες,</em></strong></span> <span class='ocrx_word' id='word_1_37' title='bbox 1226 987 1259 1044; x_wconf 85' lang='lat' dir='ltr'><strong><em>et</em></strong></span> <span class='ocrx_word' id='word_1_38' title='bbox 1283 979 1383 1043; x_wconf 89' lang='lat' dir='ltr'>XVII</span> 
     </span>
     <span class='ocr_line' id='line_1_6' title="bbox 217 1074 1387 1167; baseline 0 -21"><span class='ocrx_word' id='word_1_39' title='bbox 217 1090 322 1162; x_wconf 74' lang='lat' dir='ltr'>100,ss</span> <span class='ocrx_word' id='word_1_40' title='bbox 347 1083 479 1165; x_wconf 83' lang='lat' dir='ltr'>(iterum</span> <span class='ocrx_word' id='word_1_41' title='bbox 498 1097 637 1163; x_wconf 77' lang='lat' dir='ltr'>sequena</span> <span class='ocrx_word' id='word_1_42' title='bbox 656 1086 812 1166; x_wconf 70' lang='lat' dir='ltr'>aoristojz</span> <span class='ocrx_word' id='word_1_43' title='bbox 838 1074 906 1146; x_wconf 77' lang='grc' dir='ltr'><strong><em>εἷθ’</em></strong></span> <span class='ocrx_word' id='word_1_44' title='bbox 930 1076 948 1145; x_wconf 82' lang='grc' dir='ltr'><strong><em>ί</em></strong></span> <span class='ocrx_word' id='word_1_45' title='bbox 972 1083 1036 1163; x_wconf 82' lang='grc' dir='ltr'><strong><em>μὲν</em></strong></span> <span class='ocrx_word' id='word_1_46' title='bbox 1059 1078 1118 1167; x_wconf 83' lang='grc' dir='ltr'><strong><em>την</em></strong></span> <span class='ocrx_word' id='word_1_47' title='bbox 1142 1080 1279 1167; x_wconf 76' lang='grc' dir='ltr'><em>σάρισαν</em></span> <span class='ocrx_word' id='word_1_48' title='bbox 1304 1107 1387 1167; x_wconf 85' lang='grc' dir='ltr'><strong><em>προ-</em></strong></span> 
     </span>
     <span class='ocr_line' id='line_1_7' title="bbox 212 1183 1388 1273; baseline 0.003 -20"><span class='ocrx_word' id='word_1_49' title='bbox 212 1189 408 1273; x_wconf 77' lang='grc' dir='ltr'><strong><em>βεβλημένος</em></strong></span> <span class='ocrx_word' id='word_1_50' title='bbox 433 1186 468 1273; x_wconf 83' lang='grc' dir='ltr'><strong><em>ἐ.,</em></strong></span> <span class='ocrx_word' id='word_1_51' title='bbox 494 1183 510 1250; x_wconf 84' lang='grc' dir='ltr'>ὁ</span> <span class='ocrx_word' id='word_1_52' title='bbox 535 1189 572 1252; x_wconf 88' lang='grc' dir='ltr'><strong><em>δέ</em></strong></span> <span class='ocrx_word' id='word_1_53' title='bbox 586 1237 614 1254; x_wconf 93' lang='grc'><strong><em>..</em></strong></span> <span class='ocrx_word' id='word_1_54' title='bbox 639 1183 791 1264; x_wconf 81' lang='grc' dir='ltr'><strong><em>πατοίξας</em></strong></span> <span class='ocrx_word' id='word_1_55' title='bbox 815 1184 875 1273; x_wconf 80' lang='grc' dir='ltr'><strong><em>τὴν</em></strong></span> <span class='ocrx_word' id='word_1_56' title='bbox 909 1186 1046 1273; x_wconf 86' lang='grc' dir='ltr'><strong><em>σώρισαν</em></strong></span> <span class='ocrx_word' id='word_1_57' title='bbox 1076 1187 1295 1273; x_wconf 75' lang='grc' dir='ltr'><strong><em>α’πέθραυσεν</em></strong></span> <span class='ocrx_word' id='word_1_58' title='bbox 1319 1194 1388 1266; x_wconf 83' lang='lat' dir='ltr'>(ille</span> 
     </span>
     <span class='ocr_line' id='line_1_8' title="bbox 213 1297 1386 1383; baseline 0.002 -23"><span class='ocrx_word' id='word_1_59' title='bbox 213 1297 376 1379; x_wconf 81' lang='lat' dir='ltr'><strong>gradatim</strong></span> <span class='ocrx_word' id='word_1_60' title='bbox 414 1297 541 1361; x_wconf 80' lang='lat' dir='ltr'>obviam</span> <span class='ocrx_word' id='word_1_61' title='bbox 576 1297 648 1360; x_wconf 84' lang='lat' dir='ltr'><strong><em>ibat</em></strong></span> <span class='ocrx_word' id='word_1_62' title='bbox 684 1299 811 1363; x_wconf 80' lang='lat' dir='ltr'><strong>hastam</strong></span> <span class='ocrx_word' id='word_1_63' title='bbox 842 1317 920 1378; x_wconf 81' lang='lat' dir='ltr'><strong><em>prae</em></strong></span> <span class='ocrx_word' id='word_1_64' title='bbox 954 1316 989 1364; x_wconf 89' lang='lat' dir='ltr'><strong><em>se</em></strong></span> <span class='ocrx_word' id='word_1_65' title='bbox 1022 1309 1168 1383; x_wconf 68' lang='lat' dir='ltr'><strong><em>gestam,</em></strong></span> <span class='ocrx_word' id='word_1_66' title='bbox 1199 1301 1253 1364; x_wconf 83' lang='lat' dir='ltr'><strong><em>hic</em></strong></span> <span class='ocrx_word' id='word_1_67' title='bbox 1278 1307 1386 1366; x_wconf 79' lang='lat' dir='ltr'><strong>autem</strong></span> 
     </span>
     <span class='ocr_line' id='line_1_9' title="bbox 210 1402 1385 1491; baseline -0.003 -21"><span class='ocrx_word' id='word_1_68' title='bbox 210 1407 338 1470; x_wconf 79' lang='lat' dir='ltr'><strong>hastam</strong></span> <span class='ocrx_word' id='word_1_69' title='bbox 364 1404 527 1468; x_wconf 79' lang='lat' dir='ltr'>concussit</span> <span class='ocrx_word' id='word_1_70' title='bbox 540 1411 573 1468; x_wconf 85' lang='lat' dir='ltr'><strong><em>et</em></strong></span> <span class='ocrx_word' id='word_1_71' title='bbox 587 1405 744 1487; x_wconf 79' lang='lat' dir='ltr'>abrupit),</span> <span class='ocrx_word' id='word_1_72' title='bbox 769 1405 888 1470; x_wconf 90' lang='lat' dir='ltr'>XVIII</span> <span class='ocrx_word' id='word_1_73' title='bbox 902 1411 953 1487; x_wconf 73' lang='grc'><strong>111,</strong></span> <span class='ocrx_word' id='word_1_74' title='bbox 969 1411 1002 1468; x_wconf 85' lang='lat'><strong><em>5:</em></strong></span> <span class='ocrx_word' id='word_1_75' title='bbox 1028 1403 1058 1466; x_wconf 86' lang='grc' dir='ltr'><strong><em>οί</em></strong></span> <span class='ocrx_word' id='word_1_76' title='bbox 1081 1405 1143 1484; x_wconf 84' lang='grc' dir='ltr'><strong><em>μέν</em></strong></span> <span class='ocrx_word' id='word_1_77' title='bbox 1167 1402 1385 1491; x_wconf 83' lang='grc' dir='ltr'><strong><em>ἐξενολόγουν,</em></strong></span> 
     </span>
     <span class='ocr_line' id='line_1_10' title="bbox 212 1505 527 1576; baseline 0.006 -4"><span class='ocrx_word' id='word_1_78' title='bbox 212 1507 243 1572; x_wconf 79' lang='grc' dir='ltr'><strong><em>οἱ</em></strong></span> <span class='ocrx_word' id='word_1_79' title='bbox 266 1510 301 1574; x_wconf 80' lang='grc' dir='ltr'><strong><em>δὲ</em></strong></span> <span class='ocrx_word' id='word_1_80' title='bbox 325 1510 480 1573; x_wconf 81' lang='grc' dir='ltr'><strong><em>Κιλικίαν</em></strong></span> <span class='ocrx_word' id='word_1_81' title='bbox 504 1505 527 1576; x_wconf 80' lang='grc' dir='ltr'><strong><em>ε’.</em></strong></span> 
     </span>
    </p>

    <p class='ocr_par' dir='ltr' id='par_1_3' title="bbox 210 1615 1388 2238">
     <span class='ocr_line' id='line_1_11' title="bbox 318 1615 1387 1704; baseline 0.001 -23"><span class='ocrx_word' id='word_1_82' title='bbox 318 1617 379 1682; x_wconf 87' lang='lat' dir='ltr'>Inf.</span> <span class='ocrx_word' id='word_1_83' title='bbox 410 1635 511 1696; x_wconf 86' lang='lat' dir='ltr'><strong>praes.</strong></span> <span class='ocrx_word' id='word_1_84' title='bbox 541 1619 707 1697; x_wconf 78' lang='lat' dir='ltr'>reperitur</span> <span class='ocrx_word' id='word_1_85' title='bbox 736 1619 816 1683; x_wconf 89' lang='lat' dir='ltr'><strong><em>XIV</em></strong></span> <span class='ocrx_word' id='word_1_86' title='bbox 836 1624 883 1700; x_wconf 88' lang='grc'><strong><em>10,</em></strong></span> <span class='ocrx_word' id='word_1_87' title='bbox 902 1626 930 1682; x_wconf 88' lang='lat' dir='ltr'><strong><em>i:</em></strong></span> <span class='ocrx_word' id='word_1_88' title='bbox 964 1615 1068 1704; x_wconf 81' lang='grc' dir='ltr'><strong><em>τούτῳ</em></strong></span> <span class='ocrx_word' id='word_1_89' title='bbox 1092 1623 1294 1703; x_wconf 77' lang='grc' dir='ltr'><strong><em>προσέταξεν</em></strong></span> <span class='ocrx_word' id='word_1_90' title='bbox 1318 1615 1387 1682; x_wconf 72' lang='grc' dir='ltr'><strong><em>ε’πι-</em></strong></span> 
     </span>
     <span class='ocr_line' id='line_1_12' title="bbox 211 1720 1387 1810; baseline 0.001 -23"><span class='ocrx_word' id='word_1_91' title='bbox 211 1720 417 1803; x_wconf 86' lang='grc' dir='ltr'><strong><em>πορεύεσθαι</em></strong></span> <span class='ocrx_word' id='word_1_92' title='bbox 444 1720 502 1794; x_wconf 85' lang='grc' dir='ltr'><strong><em>τὰς</em></strong></span> <span class='ocrx_word' id='word_1_93' title='bbox 531 1720 655 1795; x_wconf 90' lang='grc' dir='ltr'><strong><em>πόλεις.</em></strong></span> <span class='ocrx_word' id='word_1_94' title='bbox 689 1736 772 1805; x_wconf 80' lang='lat' dir='ltr'>pari,</span> <span class='ocrx_word' id='word_1_95' title='bbox 805 1727 874 1790; x_wconf 92' lang='lat' dir='ltr'>XII</span> <span class='ocrx_word' id='word_1_96' title='bbox 888 1732 988 1809; x_wconf 81' lang='lat'>45,1:</span> <span class='ocrx_word' id='word_1_97' title='bbox 1019 1721 1303 1810; x_wconf 81' lang='grc' dir='ltr'><strong><em>ἐπιπορευόμενοι</em></strong></span> <span class='ocrx_word' id='word_1_98' title='bbox 1326 1721 1387 1810; x_wconf 84' lang='grc' dir='ltr'><strong><em>την</em></strong></span> 
     </span>
     <span class='ocr_line' id='line_1_13' title="bbox 211 1827 1383 1918; baseline 0 -24"><span class='ocrx_word' id='word_1_99' title='bbox 211 1829 320 1915; x_wconf 91' lang='grc' dir='ltr'><strong><em>χώραν</em></strong></span> <span class='ocrx_word' id='word_1_100' title='bbox 345 1827 612 1916; x_wconf 83' lang='grc' dir='ltr'><strong><em>ἐδενδροτύμουν,</em></strong></span> <span class='ocrx_word' id='word_1_101' title='bbox 626 1833 711 1898; x_wconf 90' lang='lat' dir='ltr'>XIII</span> <span class='ocrx_word' id='word_1_102' title='bbox 726 1839 777 1912; x_wconf 72' lang='lat'><strong><em>72,</em></strong></span> <span class='ocrx_word' id='word_1_103' title='bbox 793 1842 824 1896; x_wconf 74' lang='grc' dir='ltr'><strong><em>δε</em></strong></span> <span class='ocrx_word' id='word_1_104' title='bbox 850 1829 1144 1913; x_wconf 79' lang='grc' dir='ltr'><strong><em>ἐπιπορευομένων</em></strong></span> <span class='ocrx_word' id='word_1_105' title='bbox 1162 1827 1383 1918; x_wconf 82' lang='grc' dir='ltr'><strong><em>οἷνεχώρησαν,</em></strong></span> 
     </span>
     <span class='ocr_line' id='line_1_14' title="bbox 210 1932 1388 2024; baseline -0.003 -19"><span class='ocrx_word' id='word_1_106' title='bbox 210 1940 410 2020; x_wconf 82' lang='lat' dir='ltr'>XIV98,4:</span> <span class='ocrx_word' id='word_1_107' title='bbox 445 1935 502 2009; x_wconf 82' lang='grc' dir='ltr'><strong><em>τὰς</em></strong></span> <span class='ocrx_word' id='word_1_108' title='bbox 544 1932 657 2009; x_wconf 86' lang='grc' dir='ltr'><strong><em>πόλεις</em></strong></span> <span class='ocrx_word' id='word_1_109' title='bbox 706 1935 800 2003; x_wconf 81' lang='grc' dir='ltr'><strong><em>ἐπιπ.</em></strong></span> <span class='ocrx_word' id='word_1_110' title='bbox 851 1940 1013 2020; x_wconf 79' lang='grc' dir='ltr'><strong><em>διαβαίνει</em></strong></span> <span class='ocrx_word' id='word_1_111' title='bbox 1050 1937 1096 2010; x_wconf 90' lang='grc' dir='ltr'><strong><em>είς</em></strong></span> <span class='ocrx_word' id='word_1_112' title='bbox 1133 1935 1193 2024; x_wconf 82' lang='grc' dir='ltr'><strong><em>τὴν</em></strong></span> <span class='ocrx_word' id='word_1_113' title='bbox 1238 1938 1388 2022; x_wconf 79' lang='grc' dir='ltr'><strong><em>Κύπρον,</em></strong></span> 
     </span>
     <span class='ocr_line' id='line_1_15' title="bbox 210 2043 1383 2129; baseline -0.004 -16"><span class='ocrx_word' id='word_1_114' title='bbox 210 2047 329 2113; x_wconf 89' lang='lat' dir='ltr'>XVIII</span> <span class='ocrx_word' id='word_1_115' title='bbox 348 2053 446 2125; x_wconf 78' lang='lat'>10‚5:</span> <span class='ocrx_word' id='word_1_116' title='bbox 482 2047 545 2108; x_wconf 81' lang='grc' dir='ltr'><strong><em>τών</em></strong></span> <span class='ocrx_word' id='word_1_117' title='bbox 573 2049 741 2129; x_wconf 78' lang='grc' dir='ltr'><strong><em>πρέσβεων</em></strong></span> <span class='ocrx_word' id='word_1_118' title='bbox 772 2043 796 2109; x_wconf 77' lang='grc' dir='ltr'><strong><em>ε’.</em></strong></span> <span class='ocrx_word' id='word_1_119' title='bbox 828 2043 886 2115; x_wconf 75' lang='grc' dir='ltr'><strong><em>τάς</em></strong></span> <span class='ocrx_word' id='word_1_120' title='bbox 910 2046 1024 2117; x_wconf 82' lang='grc' dir='ltr'><strong><em>πόλεις</em></strong></span> <span class='ocrx_word' id='word_1_121' title='bbox 1047 2048 1103 2109; x_wconf 81' lang='grc' dir='ltr'><strong><em>καὶ</em></strong></span> <span class='ocrx_word' id='word_1_122' title='bbox 1126 2043 1383 2129; x_wconf 74' lang='grc' dir='ltr'><strong><em>παρορμώντων,</em></strong></span> 
     </span>
     <span class='ocr_line' id='line_1_16' title="bbox 211 2153 1113 2238; baseline -0.001 -19"><span class='ocrx_word' id='word_1_123' title='bbox 211 2153 329 2219; x_wconf 77' lang='lat' dir='ltr'>XVIII</span> <span class='ocrx_word' id='word_1_124' title='bbox 345 2159 443 2238; x_wconf 83' lang='lat'><strong>41‚7.</strong></span> <span class='ocrx_word' id='word_1_125' title='bbox 459 2153 610 2228; x_wconf 73' lang='lat' dir='ltr'><strong><em>xiiiia,</em></strong></span> <span class='ocrx_word' id='word_1_126' title='bbox 626 2159 654 2216; x_wconf 81' lang='lat' dir='ltr'><strong><em>a.</em></strong></span> <span class='ocrx_word' id='word_1_127' title='bbox 682 2159 752 2217; x_wconf 86' lang='lat'>110.</span> <span class='ocrx_word' id='word_1_128' title='bbox 767 2159 796 2219; x_wconf 90' lang='lat'><strong><em>3.</em></strong></span> <span class='ocrx_word' id='word_1_129' title='bbox 814 2153 945 2236; x_wconf 82' lang='lat' dir='ltr'>XXaa,</span> <span class='ocrx_word' id='word_1_130' title='bbox 959 2160 1113 2236; x_wconf 61' lang='lat' dir='ltr'><strong><em>elaea.</em></strong></span> 
     </span>
    </p>

    <p class='ocr_par' dir='ltr' id='par_1_4' title="bbox 209 2260 1388 2558">
     <span class='ocr_line' id='line_1_17' title="bbox 313 2260 1382 2343; baseline 0.003 -18"><span class='ocrx_word' id='word_1_131' title='bbox 313 2262 428 2340; x_wconf 87' lang='lat' dir='ltr'>Neque</span> <span class='ocrx_word' id='word_1_132' title='bbox 463 2260 660 2339; x_wconf 82' lang='lat' dir='ltr'>reliquorum</span> <span class='ocrx_word' id='word_1_133' title='bbox 699 2262 947 2341; x_wconf 83' lang='lat' dir='ltr'>compositorum</span> <span class='ocrx_word' id='word_1_134' title='bbox 985 2263 1096 2327; x_wconf 86' lang='lat' dir='ltr'>notavi</span> <span class='ocrx_word' id='word_1_135' title='bbox 1133 2263 1283 2343; x_wconf 84' lang='lat' dir='ltr'>exempla</span> <span class='ocrx_word' id='word_1_136' title='bbox 1317 2261 1382 2328; x_wconf 86' lang='lat' dir='ltr'>ind.</span> 
     </span>
     <span class='ocr_line' id='line_1_18' title="bbox 210 2362 1388 2450; baseline -0.001 -18"><span class='ocrx_word' id='word_1_137' title='bbox 210 2368 337 2433; x_wconf 79' lang='lat' dir='ltr'><strong><em>aorisii.</em></strong></span> <span class='ocrx_word' id='word_1_138' title='bbox 384 2367 484 2432; x_wconf 87' lang='lat' dir='ltr'>Verbi</span> <span class='ocrx_word' id='word_1_139' title='bbox 520 2362 844 2448; x_wconf 68' lang='grc' dir='ltr'><strong><em>παραπορεύεσθαι</em></strong></span> <span class='ocrx_word' id='word_1_140' title='bbox 877 2368 1004 2448; x_wconf 78' lang='lat' dir='ltr'>legitur</span> <span class='ocrx_word' id='word_1_141' title='bbox 1029 2369 1115 2449; x_wconf 83' lang='lat' dir='ltr'>impf.</span> <span class='ocrx_word' id='word_1_142' title='bbox 1147 2369 1268 2434; x_wconf 88' lang='lat' dir='ltr'>XVIII</span> <span class='ocrx_word' id='word_1_143' title='bbox 1287 2375 1388 2450; x_wconf 77' lang='grc'><strong>61,2;</strong></span> 
     </span>
     <span class='ocr_line' id='line_1_19' title="bbox 209 2469 1388 2558; baseline 0 -22"><span class='ocrx_word' id='word_1_144' title='bbox 209 2469 487 2558; x_wconf 89' lang='grc' dir='ltr'><strong><em>παρεπορεύοντό</em></strong></span> <span class='ocrx_word' id='word_1_145' title='bbox 518 2493 605 2544; x_wconf 89' lang='grc' dir='ltr'><strong><em>τινες</em></strong></span> <span class='ocrx_word' id='word_1_146' title='bbox 639 2476 704 2536; x_wconf 80' lang='grc' dir='ltr'><strong><em>τῶν</em></strong></span> <span class='ocrx_word' id='word_1_147' title='bbox 736 2473 839 2555; x_wconf 84' lang='grc' dir='ltr'><strong><em>φίλων</em></strong></span> <span class='ocrx_word' id='word_1_148' title='bbox 862 2470 1143 2558; x_wconf 77' lang='grc' dir='ltr'><strong><em>συνηγορήσοντες,</em></strong></span> <span class='ocrx_word' id='word_1_149' title='bbox 1170 2489 1253 2556; x_wconf 80' lang='lat' dir='ltr'><strong>part.</strong></span> <span class='ocrx_word' id='word_1_150' title='bbox 1280 2495 1388 2554; x_wconf 72' lang='lat' dir='ltr'><strong><em>praes.</em></strong></span> 
     </span>
    </p>
   </div>
   <div class='ocr_carea' id='block_1_3' title="bbox 209 2572 1390 3308">
    <p class='ocr_par' dir='ltr' id='par_1_5' title="bbox 209 2572 1390 2878">
     <span class='ocr_line' id='line_1_20' title="bbox 209 2572 1387 2666; baseline -0.002 -19"><span class='ocrx_word' id='word_1_151' title='bbox 209 2572 588 2666; x_wconf 71' lang='grc' dir='ltr'><strong><em>Χ1114,4ιώςιδυυς</em></strong></span> <span class='ocrx_word' id='word_1_152' title='bbox 622 2573 711 2660; x_wconf 73' lang='grc' dir='ltr'><strong><em>αύτῷ</em></strong></span> <span class='ocrx_word' id='word_1_153' title='bbox 745 2588 908 2663; x_wconf 86' lang='grc' dir='ltr'><strong><em>προσεῖχε,</em></strong></span> <span class='ocrx_word' id='word_1_154' title='bbox 945 2578 1267 2664; x_wconf 88' lang='grc' dir='ltr'><strong><em>παραπορευόμενος</em></strong></span> <span class='ocrx_word' id='word_1_155' title='bbox 1302 2577 1387 2645; x_wconf 79' lang='grc' dir='ltr'><strong><em>κατὰ</em></strong></span> 
     </span>
     <span class='ocr_line' id='line_1_21' title="bbox 209 2680 1390 2774; baseline 0 -23"><span class='ocrx_word' id='word_1_156' title='bbox 209 2685 309 2774; x_wconf 90' lang='grc' dir='ltr'><strong><em>τύχην</em></strong></span> <span class='ocrx_word' id='word_1_157' title='bbox 332 2682 425 2771; x_wconf 82' lang='grc' dir='ltr'><strong><em>παρὰ</em></strong></span> <span class='ocrx_word' id='word_1_158' title='bbox 455 2683 664 2771; x_wconf 77' lang='grc' dir='ltr'><strong><em>κρεοπώλιον</em></strong></span> <span class='ocrx_word' id='word_1_159' title='bbox 688 2680 837 2769; x_wconf 79' lang='grc' dir='ltr'><strong><em>ἁρπάσας</em></strong></span> <span class='ocrx_word' id='word_1_160' title='bbox 866 2682 926 2771; x_wconf 77' lang='grc' dir='ltr'><strong><em>τὴν</em></strong></span> <span class='ocrx_word' id='word_1_161' title='bbox 963 2694 1214 2773; x_wconf 75' lang='grc' dir='ltr'><strong><em>παρακειμένην</em></strong></span> <span class='ocrx_word' id='word_1_162' title='bbox 1245 2686 1301 2752; x_wconf 80' lang='grc' dir='ltr'><strong><em>ἐπὶ</em></strong></span> <span class='ocrx_word' id='word_1_163' title='bbox 1335 2693 1390 2772; x_wconf 80' lang='grc' dir='ltr'><strong><em>τῆς</em></strong></span> 
     </span>
     <span class='ocr_line' id='line_1_22' title="bbox 211 2787 1035 2878; baseline -0.002 -19"><span class='ocrx_word' id='word_1_164' title='bbox 211 2796 340 2865; x_wconf 91' lang='grc' dir='ltr'><strong><em>σανίδος</em></strong></span> <span class='ocrx_word' id='word_1_165' title='bbox 364 2794 528 2859; x_wconf 88' lang='grc' dir='ltr'><strong><em>κοπίδα..</em></strong></span> <span class='ocrx_word' id='word_1_166' title='bbox 552 2791 612 2878; x_wconf 85' lang='grc' dir='ltr'><strong><em>την</em></strong></span> <span class='ocrx_word' id='word_1_167' title='bbox 635 2798 802 2878; x_wconf 73' lang='grc' dir='ltr'><strong><em>θυγατέρα</em></strong></span> <span class='ocrx_word' id='word_1_168' title='bbox 826 2787 1035 2862; x_wconf 82' lang='grc' dir='ltr'><strong><em>α’πέκτεινεν.-</em></strong></span> 
     </span>
    </p>

    <p class='ocr_par' dir='ltr' id='par_1_6' title="bbox 211 2897 1385 3308">
     <span class='ocr_line' id='line_1_23' title="bbox 302 2897 1382 2985; baseline 0 -17"><span class='ocrx_word' id='word_1_169' title='bbox 302 2903 404 2969; x_wconf 89' lang='lat' dir='ltr'>Verbi</span> <span class='ocrx_word' id='word_1_170' title='bbox 428 2897 738 2985; x_wconf 88' lang='grc' dir='ltr'><strong><em>περιπορεύεσθαι</em></strong></span> <span class='ocrx_word' id='word_1_171' title='bbox 763 2903 933 2968; x_wconf 77' lang='lat' dir='ltr'>invenitur</span> <span class='ocrx_word' id='word_1_172' title='bbox 956 2911 1039 2983; x_wconf 80' lang='lat' dir='ltr'><strong>part.</strong></span> <span class='ocrx_word' id='word_1_173' title='bbox 1065 2923 1170 2984; x_wconf 83' lang='lat' dir='ltr'><strong>praes.</strong></span> <span class='ocrx_word' id='word_1_174' title='bbox 1195 2905 1278 2969; x_wconf 86' lang='lat' dir='ltr'>XIII</span> <span class='ocrx_word' id='word_1_175' title='bbox 1301 2912 1331 2984; x_wconf 82' lang='lat'><strong><em>8,</em></strong></span> <span class='ocrx_word' id='word_1_176' title='bbox 1351 2912 1382 2968; x_wconf 81' lang='lat'><strong><em>4:</em></strong></span> 
     </span>
     <span class='ocr_line' id='line_1_24' title="bbox 211 3003 1380 3094; baseline -0.001 -19"><span class='ocrx_word' id='word_1_177' title='bbox 211 3008 388 3080; x_wconf 78' lang='grc' dir='ltr'><strong><em>Γύλιππος</em></strong></span> <span class='ocrx_word' id='word_1_178' title='bbox 412 3033 450 3072; x_wconf 92' lang='grc' dir='ltr'><strong><em>π.</em></strong></span> <span class='ocrx_word' id='word_1_179' title='bbox 484 3003 541 3078; x_wconf 76' lang='grc' dir='ltr'><strong><em>τας</em></strong></span> <span class='ocrx_word' id='word_1_180' title='bbox 563 3005 678 3079; x_wconf 88' lang='grc' dir='ltr'><strong><em>πόλεις</em></strong></span> <span class='ocrx_word' id='word_1_181' title='bbox 708 3003 850 3079; x_wconf 74' lang='grc' dir='ltr'><strong><em>πολλοὺς</em></strong></span> <span class='ocrx_word' id='word_1_182' title='bbox 872 3014 1095 3094; x_wconf 83' lang='grc' dir='ltr'><strong><em>προετρέπετο</em></strong></span> <span class='ocrx_word' id='word_1_183' title='bbox 1119 3018 1300 3091; x_wconf 87' lang='grc' dir='ltr'><strong><em>συμμαχεῖν</em></strong></span> <span class='ocrx_word' id='word_1_184' title='bbox 1325 3013 1380 3074; x_wconf 82' lang='grc' dir='ltr'><strong><em>καὶ</em></strong></span> 
     </span>
     <span class='ocr_line' id='line_1_25' title="bbox 211 3096 1381 3201; baseline 0 -21"><span class='ocrx_word' id='word_1_185' title='bbox 211 3111 346 3198; x_wconf 85' lang='grc' dir='ltr'><strong><em>λαβών..</em></strong></span> <span class='ocrx_word' id='word_1_186' title='bbox 369 3096 425 3201; x_wconf 78' lang='grc' dir='ltr'><strong><em>ἦγε</em></strong></span> <span class='ocrx_word' id='word_1_187' title='bbox 450 3110 502 3178; x_wconf 69' lang='lat' dir='ltr'><strong><em>aa?</em></strong></span> <span class='ocrx_word' id='word_1_188' title='bbox 528 3119 584 3199; x_wconf 80' lang='grc' dir='ltr'><strong><em>της</em></strong></span> <span class='ocrx_word' id='word_1_189' title='bbox 600 3119 780 3200; x_wconf 90' lang='grc' dir='ltr'><strong><em>μεσογείου,</em></strong></span> <span class='ocrx_word' id='word_1_190' title='bbox 799 3124 850 3198; x_wconf 77' lang='grc'><strong><em>55,</em></strong></span> <span class='ocrx_word' id='word_1_191' title='bbox 865 3125 903 3183; x_wconf 81' lang='grc'><strong><em>4;</em></strong></span> <span class='ocrx_word' id='word_1_192' title='bbox 930 3138 1048 3200; x_wconf 88' lang='grc' dir='ltr'><strong><em>περιπ.</em></strong></span> <span class='ocrx_word' id='word_1_193' title='bbox 1063 3113 1101 3179; x_wconf 78' lang='grc' dir='ltr'><strong><em>τι)</em></strong></span> <span class='ocrx_word' id='word_1_194' title='bbox 1125 3123 1228 3196; x_wconf 89' lang='grc' dir='ltr'><strong><em>τεῖχος</em></strong></span> <span class='ocrx_word' id='word_1_195' title='bbox 1252 3115 1381 3180; x_wconf 81' lang='grc' dir='ltr'><strong><em>ἐδέοντο</em></strong></span> 
     </span>
     <span class='ocr_line' id='line_1_26' title="bbox 214 3218 1385 3308; baseline 0.001 -21"><span class='ocrx_word' id='word_1_196' title='bbox 214 3221 258 3308; x_wconf 82' lang='grc' dir='ltr'><strong><em>μὴ</em></strong></span> <span class='ocrx_word' id='word_1_197' title='bbox 283 3225 454 3307; x_wconf 83' lang='grc' dir='ltr'><strong><em>περιιδεῖν,</em></strong></span> <span class='ocrx_word' id='word_1_198' title='bbox 479 3223 559 3290; x_wconf 74' lang='lat' dir='ltr'>XIV</span> <span class='ocrx_word' id='word_1_199' title='bbox 574 3231 626 3306; x_wconf 73' lang='lat'><strong><em>42,</em></strong></span> <span class='ocrx_word' id='word_1_200' title='bbox 642 3230 673 3287; x_wconf 88' lang='lat' dir='ltr'><strong><em>l:</em></strong></span> <span class='ocrx_word' id='word_1_201' title='bbox 699 3243 817 3304; x_wconf 91' lang='grc' dir='ltr'><strong><em>περιπ.</em></strong></span> <span class='ocrx_word' id='word_1_202' title='bbox 843 3219 970 3307; x_wconf 79' lang='grc' dir='ltr'><strong><em>ἐχρῆτο,</em></strong></span> <span class='ocrx_word' id='word_1_203' title='bbox 996 3232 1048 3308; x_wconf 78' lang='grc'><strong><em>58,</em></strong></span> <span class='ocrx_word' id='word_1_204' title='bbox 1066 3230 1100 3288; x_wconf 91' lang='lat' dir='ltr'><strong><em>l:</em></strong></span> <span class='ocrx_word' id='word_1_205' title='bbox 1123 3218 1163 3286; x_wconf 80' lang='grc' dir='ltr'><strong><em>τὰ</em></strong></span> <span class='ocrx_word' id='word_1_206' title='bbox 1188 3227 1331 3307; x_wconf 85' lang='grc' dir='ltr'><strong><em>φρουρία</em></strong></span> <span class='ocrx_word' id='word_1_207' title='bbox 1348 3249 1385 3288; x_wconf 90' lang='grc' dir='ltr'><strong><em>π.</em></strong></span> 
     </span>
    </p>
   </div>
   <div class='ocr_carea' id='block_1_4' title="bbox 212 3324 1391 4161">
    <p class='ocr_par' dir='ltr' id='par_1_7' title="bbox 212 3324 1391 4161">
     <span class='ocr_line' id='line_1_27' title="bbox 213 3324 1386 3418; baseline 0.003 -24"><span class='ocrx_word' id='word_1_208' title='bbox 213 3325 349 3418; x_wconf 80' lang='grc' dir='ltr'><strong><em>ώχύρου,</em></strong></span> <span class='ocrx_word' id='word_1_209' title='bbox 376 3337 477 3405; x_wconf 86' lang='grc'><strong>71,3;</strong></span> <span class='ocrx_word' id='word_1_210' title='bbox 511 3354 548 3399; x_wconf 88' lang='grc' dir='ltr'><strong><em>π.</em></strong></span> <span class='ocrx_word' id='word_1_211' title='bbox 584 3326 643 3413; x_wconf 80' lang='grc' dir='ltr'><strong><em>την</em></strong></span> <span class='ocrx_word' id='word_1_212' title='bbox 677 3324 892 3414; x_wconf 79' lang='grc' dir='ltr'><strong><em>παρεμβολὴν</em></strong></span> <span class='ocrx_word' id='word_1_213' title='bbox 924 3326 1083 3412; x_wconf 52' lang='lat' dir='ltr'><strong><em>&amp;zamam</em></strong></span> <span class='ocrx_word' id='word_1_214' title='bbox 1107 3331 1165 3397; x_wconf 79' lang='lat' dir='ltr'><strong><em>Ins.</em></strong></span> <span class='ocrx_word' id='word_1_215' title='bbox 1189 3333 1269 3396; x_wconf 89' lang='lat' dir='ltr'>XIV</span> <span class='ocrx_word' id='word_1_216' title='bbox 1284 3340 1336 3412; x_wconf 72' lang='grc' dir='ltr'><strong><em>σθ,</em></strong></span> <span class='ocrx_word' id='word_1_217' title='bbox 1351 3341 1386 3397; x_wconf 86' lang='lat'><strong><em>3:</em></strong></span> 
     </span>
     <span class='ocr_line' id='line_1_28' title="bbox 212 3422 1386 3522; baseline 0.005 -22"><span class='ocrx_word' id='word_1_218' title='bbox 212 3435 392 3517; x_wconf 81' lang='grc' dir='ltr'><strong><em>α’ναγκαῐον</em></strong></span> <span class='ocrx_word' id='word_1_219' title='bbox 431 3422 470 3522; x_wconf 73' lang='grc' dir='ltr'><strong><em>ἦν</em></strong></span> <span class='ocrx_word' id='word_1_220' title='bbox 508 3433 546 3500; x_wconf 85' lang='grc' dir='ltr'><strong><em>τὸ</em></strong></span> <span class='ocrx_word' id='word_1_221' title='bbox 585 3433 806 3521; x_wconf 87' lang='grc' dir='ltr'><strong><em>στρατόπεδον</em></strong></span> <span class='ocrx_word' id='word_1_222' title='bbox 845 3434 1133 3522; x_wconf 86' lang='grc' dir='ltr'><strong><em>περιπορεύεσθαι</em></strong></span> <span class='ocrx_word' id='word_1_223' title='bbox 1175 3434 1232 3500; x_wconf 84' lang='grc' dir='ltr'><strong><em>τὸν</em></strong></span> <span class='ocrx_word' id='word_1_224' title='bbox 1275 3435 1386 3521; x_wconf 85' lang='grc' dir='ltr'><strong><em>λόφον.</em></strong></span> 
     </span>
     <span class='ocr_line' id='line_1_29' title="bbox 214 3541 1387 3628; baseline 0 -16"><span class='ocrx_word' id='word_1_225' title='bbox 214 3548 392 3613; x_wconf 77' lang='lat' dir='ltr'><strong><em>Praeterea</em></strong></span> <span class='ocrx_word' id='word_1_226' title='bbox 425 3546 538 3611; x_wconf 79' lang='lat' dir='ltr'><strong>natavi</strong></span> <span class='ocrx_word' id='word_1_227' title='bbox 568 3544 659 3626; x_wconf 78' lang='lat' dir='ltr'>impi.</span> <span class='ocrx_word' id='word_1_228' title='bbox 685 3566 714 3612; x_wconf 87' lang='lat' dir='ltr'><strong><em>v.</em></strong></span> <span class='ocrx_word' id='word_1_229' title='bbox 740 3541 1027 3628; x_wconf 71' lang='grc' dir='ltr'><strong><em>προπορεύεσθαι,</em></strong></span> <span class='ocrx_word' id='word_1_230' title='bbox 1058 3546 1205 3611; x_wconf 89' lang='lat' dir='ltr'>XXXVI</span> <span class='ocrx_word' id='word_1_231' title='bbox 1222 3547 1261 3612; x_wconf 85' lang='lat' dir='ltr'><strong><em>ir.</em></strong></span> <span class='ocrx_word' id='word_1_232' title='bbox 1283 3553 1331 3622; x_wconf 83' lang='lat'><strong><em>13,</em></strong></span> <span class='ocrx_word' id='word_1_233' title='bbox 1351 3555 1387 3612; x_wconf 82' lang='lat'><strong><em>2:</em></strong></span> 
     </span>
     <span class='ocr_line' id='line_1_30' title="bbox 213 3647 1389 3735; baseline 0.001 -19"><span class='ocrx_word' id='word_1_234' title='bbox 213 3647 670 3723; x_wconf 84' lang='grc' dir='ltr'><strong><em>καταστασιασθεὶς,.ούκέτι</em></strong></span> <span class='ocrx_word' id='word_1_235' title='bbox 700 3648 957 3735; x_wconf 86' lang='grc' dir='ltr'><strong><em>προεπορεύετο,</em></strong></span> <span class='ocrx_word' id='word_1_236' title='bbox 996 3654 1134 3733; x_wconf 85' lang='lat' dir='ltr'>denique</span> <span class='ocrx_word' id='word_1_237' title='bbox 1159 3661 1244 3734; x_wconf 81' lang='lat' dir='ltr'><strong>part.</strong></span> <span class='ocrx_word' id='word_1_238' title='bbox 1270 3673 1333 3718; x_wconf 71' lang='grc' dir='ltr'><strong><em>Ισοι’.</em></strong></span> <span class='ocrx_word' id='word_1_239' title='bbox 1360 3675 1389 3718; x_wconf 90' lang='lat' dir='ltr'><strong><em>v.</em></strong></span> 
     </span>
     <span class='ocr_line' id='line_1_31' title="bbox 213 3756 1391 3846; baseline 0 -22"><span class='ocrx_word' id='word_1_240' title='bbox 213 3756 502 3844; x_wconf 88' lang='grc' dir='ltr'><strong><em>συμπορεύεσθαι</em></strong></span> <span class='ocrx_word' id='word_1_241' title='bbox 544 3761 628 3825; x_wconf 87' lang='lat' dir='ltr'><strong><em>XIX</em></strong></span> <span class='ocrx_word' id='word_1_242' title='bbox 650 3765 678 3842; x_wconf 89' lang='grc'><strong><em>6,</em></strong></span> <span class='ocrx_word' id='word_1_243' title='bbox 702 3767 738 3823; x_wconf 78' lang='lat'><strong><em>2:</em></strong></span> <span class='ocrx_word' id='word_1_244' title='bbox 777 3758 944 3833; x_wconf 80' lang='grc' dir='ltr'><strong><em>κατέλεξεν</em></strong></span> <span class='ocrx_word' id='word_1_245' title='bbox 968 3757 1012 3830; x_wconf 86' lang='grc' dir='ltr'><strong><em>εἰς</em></strong></span> <span class='ocrx_word' id='word_1_246' title='bbox 1036 3757 1181 3832; x_wconf 83' lang='grc' dir='ltr'><strong><em>τοίξεις..</em></strong></span> <span class='ocrx_word' id='word_1_247' title='bbox 1205 3756 1281 3831; x_wconf 84' lang='grc' dir='ltr'><strong><em>τούς</em></strong></span> <span class='ocrx_word' id='word_1_248' title='bbox 1303 3756 1391 3846; x_wconf 77' lang='grc' dir='ltr'><strong><em>αύτῷ</em></strong></span> 
     </span>
     <span class='ocr_line' id='line_1_32' title="bbox 214 3861 1388 3951; baseline 0.002 -21"><span class='ocrx_word' id='word_1_249' title='bbox 214 3863 379 3951; x_wconf 82' lang='grc' dir='ltr'><strong><em>πρίν-ερον</em></strong></span> <span class='ocrx_word' id='word_1_250' title='bbox 403 3861 695 3949; x_wconf 69' lang='grc' dir='ltr'><strong><em>συμπορευθέντας</em></strong></span> <span class='ocrx_word' id='word_1_251' title='bbox 726 3862 810 3950; x_wconf 80' lang='grc' dir='ltr'><strong><em>πρὸς</em></strong></span> <span class='ocrx_word' id='word_1_252' title='bbox 842 3868 1080 3949; x_wconf 84' lang='grc' dir='ltr'><strong><em>Καρχηδονίους</em></strong></span> <span class='ocrx_word' id='word_1_253' title='bbox 1103 3869 1167 3947; x_wconf 83' lang='lat' dir='ltr'>(qui</span> <span class='ocrx_word' id='word_1_254' title='bbox 1194 3876 1294 3934; x_wconf 82' lang='lat' dir='ltr'><strong>antea</strong></span> <span class='ocrx_word' id='word_1_255' title='bbox 1318 3890 1388 3934; x_wconf 76' lang='lat' dir='ltr'>cuni</span> 
     </span>
     <span class='ocr_line' id='line_1_33' title="bbox 215 3974 1389 4056; baseline 0 -16"><span class='ocrx_word' id='word_1_256' title='bbox 215 3978 286 4056; x_wconf 85' lang='lat' dir='ltr'>ipso</span> <span class='ocrx_word' id='word_1_257' title='bbox 312 3974 450 4054; x_wconf 82' lang='lat' dir='ltr'>profecti</span> <span class='ocrx_word' id='word_1_258' title='bbox 476 3977 595 4056; x_wconf 80' lang='lat' dir='ltr'><strong><em>erant).</em></strong></span> <span class='ocrx_word' id='word_1_259' title='bbox 644 3975 793 4040; x_wconf 78' lang='lat' dir='ltr'>Ceterum</span> <span class='ocrx_word' id='word_1_260' title='bbox 820 3974 860 4038; x_wconf 89' lang='lat' dir='ltr'><strong><em>de</em></strong></span> <span class='ocrx_word' id='word_1_261' title='bbox 886 3992 946 4037; x_wconf 90' lang='lat' dir='ltr'><strong><em>usu</em></strong></span> <span class='ocrx_word' id='word_1_262' title='bbox 972 3975 1068 4039; x_wconf 89' lang='lat' dir='ltr'>huius</span> <span class='ocrx_word' id='word_1_263' title='bbox 1097 3977 1190 4040; x_wconf 89' lang='lat' dir='ltr'>verbi</span> <span class='ocrx_word' id='word_1_264' title='bbox 1222 3977 1302 4040; x_wconf 85' lang='lat' dir='ltr'>nihil</span> <span class='ocrx_word' id='word_1_265' title='bbox 1334 3979 1389 4040; x_wconf 86' lang='lat' dir='ltr'><strong><em>ad·</em></strong></span> 
     </span>
     <span class='ocr_line' id='line_1_34' title="bbox 216 4082 557 4161; baseline -0.003 -15"><span class='ocrx_word' id='word_1_266' title='bbox 216 4082 355 4147; x_wconf 83' lang='lat' dir='ltr'>dendaui</span> <span class='ocrx_word' id='word_1_267' title='bbox 374 4101 447 4148; x_wconf 84' lang='lat' dir='ltr'>esse</span> <span class='ocrx_word' id='word_1_268' title='bbox 469 4089 557 4161; x_wconf 81' lang='lat' dir='ltr'>puto.</span> 
     </span>
    </p>
   </div>
   <div class='ocr_carea' id='block_1_5' title="bbox 827 4297 908 4304">
    <p class='ocr_par' dir='ltr' id='par_1_8' title="bbox 827 4297 908 4304">
     <span class='ocr_line' id='line_1_35' title="bbox 827 4297 908 4304; baseline 0 -1"><span class='ocrx_word' id='word_1_269' title='bbox 827 4299 851 4303; x_wconf 89' lang='grc'><strong><em>...</em></strong></span> <span class='ocrx_word' id='word_1_270' title='bbox 857 4297 908 4304; x_wconf 74' lang='grc'>...-</span> 
     </span>
    </p>
   </div>
   <div class='ocr_carea' id='block_1_6' title="bbox 0 0 1658 5050">
    <p class='ocr_par' dir='ltr' id='par_1_9' title="bbox 0 0 1658 5050">
     <span class='ocr_line' id='line_1_36' title="bbox 0 0 1658 5050; baseline 0 0"><span class='ocrx_word' id='word_1_271' title='bbox 0 0 1658 5050; x_wconf 95' lang='lat' dir='ltr'><strong><em> </em></strong></span> 
     </span>
    </p>
   </div>
  </div>
 </body>
</html>
