3264 5050
612 443 831 514 *at-a

129 650 312 728 indicatum
346 647 396 714 vis
429 646 682 730 praepositionis
706 645 811 727 igitur
842 659 943 723 paene
967 641 1114 709 evanuit.
1162 633 1310 720 Denique

132 763 243 824 exstat
266 754 326 821 inf.
349 754 451 820 XVII
467 760 496 836 7,
512 762 545 820 3:
569 748 672 837 τούτῳ
697 745 714 814 ὁ
739 746 890 832 βασιλεὺς
913 750 1092 832 προσέταξε
1124 747 1311 830 παρελθεῖν

102 853 105 860 ’
131 861 190 927 ἐπὶ
213 859 315 925 πόλιν
338 858 480 938 Κύζικον
499 861 559 923 καὶ
582 861 765 942 πειρᾶσθαι
788 851 911 940 ταύτην
935 851 1163 939 χειρώσασθαι.

239 971 437 1053 Septuagies
470 970 574 1052 igitur
597 973 714 1050 quater
742 966 866 1031 formae
889 964 1005 1030 aoristi
1030 963 1244 1029 inveniuntur
1276 962 1309 1026 in

131 1079 296 1160 prioribus
322 1076 526 1155 undeviginti
551 1075 686 1141 Diodori
711 1074 814 1140 libris.
854 1072 1005 1138 Vidimus
1031 1089 1120 1153 ergo,
1145 1075 1199 1153 nt,
1225 1088 1309 1150 quae

131 1185 284 1267 diximus,
309 1185 424 1266 paucis
449 1184 715 1263 complectamur,
741 1199 804 1245 uno
828 1181 898 1246 loco
922 1177 1012 1261 impl.
1036 1173 1179 1265 παρῄειν
1196 1195 1311 1258 nempe

130 1294 164 1360 in
189 1287 257 1357 loco
286 1291 343 1356 illo
376 1310 417 1356 ex
448 1291 665 1356 Demosthene
695 1288 799 1370 petito
832 1287 976 1355 inveniri
1009 1292 1107 1365 atque
1138 1285 1237 1350 etiam
1261 1286 1309 1350 in-

130 1399 278 1466 finitivos
311 1403 345 1465 ct
376 1397 554 1481 participia
592 1396 775 1478 praesentis
806 1412 942 1475 perrara
967 1413 1041 1460 esse
1064 1399 1099 1458 et
1122 1393 1163 1456 ab
1188 1394 1311 1457 aoristo

132 1509 252 1590 partim
286 1524 384 1572 sensu
418 1523 547 1586 quoque
576 1503 718 1570 differre.
752 1539 792 1548 -
826 1502 889 1568 Sed
923 1520 995 1566 cum
1024 1500 1064 1566 de
1086 1502 1147 1566 har.
1171 1517 1207 1564 re
1229 1499 1312 1563 satis

134 1615 212 1679 mihi
237 1614 353 1679 videar
376 1611 612 1694 disputavisse,
638 1611 680 1676 ad
704 1610 852 1690 quintum
876 1613 975 1690 caput
998 1609 1100 1673 liceat
1124 1607 1312 1688 transgredi

131 1729 165 1786 et
188 1723 231 1787 de
255 1720 445 1803 compositis
471 1739 499 1786 v.
523 1722 653 1801 βαίνειν
677 1717 849 1784 disserere.

417 2595 464 2661 V.
512 2595 569 2661 De
594 2595 818 2680 compositis
841 2615 876 2662 v.
901 2599 1038 2678 βαίνειν.

242 2811 279 2877 V.
303 2811 445 2891 simplex
475 2814 604 2893 βαίνειν
638 2811 724 2892 apud
754 2810 930 2877 Diodorum
962 2830 1025 2876 non
1050 2813 1228 2880 invenitur.
1274 2811 1313 2876 ln

136 2937 197 2985 usu
222 2921 472 3001 compositorum
498 2919 581 2983 nihil
604 2917 681 2983 novi
706 2917 776 2984 iere
800 2922 910 2984 exstat
934 2918 992 2984 sed
1010 2938 1049 2985 ca
1065 2925 1205 3000 tantum,
1230 2937 1313 3000 quae

135 3027 176 3092 de
200 3025 392 3107 imperfecto
425 3031 459 3093 et
495 3026 618 3091 aoristo
646 3027 681 3091 in
713 3025 901 3092 universum
927 3025 1081 3108 diximus,
1110 3027 1215 3093 denuo
1240 3045 1313 3093 con·

134 3134 318 3202 firmantur.
366 3131 438 3216 Qua
478 3134 517 3199 de
557 3152 657 3198 cansa
694 3135 754 3199 hoc
793 3142 892 3215 caput
931 3134 1046 3215 paucis
1082 3134 1254 3200 absolvere
1277 3137 1312 3201 in

135 3243 244 3306 animo
264 3248 315 3308 est
337 3246 371 3306 et
388 3240 546 3306 nonnulla
566 3239 685 3306 afferre
698 3241 848 3321 exempla
860 3241 1038 3308 secundum
1051 3241 1313 3325 praepositiones

135 3349 275 3431 digesta.
315 3349 383 3414 Nec
406 3349 515 3414 minus
539 3348 601 3413 hac
625 3349 661 3414 in
684 3353 780 3429 parte
805 3348 854 3413 ita
878 3349 942 3434 egi,
967 3355 1005 3414 ut
1020 3348 1159 3430 primum
1177 3369 1312 3415 accura-

134 3457 264 3523 tissime
295 3455 444 3536 exempla
479 3455 684 3538 colligerem,
719 3460 806 3539 turn,
839 3473 911 3520 oum
936 3455 1104 3535 vidissem,
1129 3457 1212 3524 nihil
1236 3457 1310 3522 novi

133 3562 288 3645 inveniri,
313 3580 417 3644 pauca
440 3563 642 3629 adnotarem.

243 3661 332 3734 α’νοὶῑ
357 3668 453 3751 Impi’.
477 3670 643 3750 reperitur
658 3668 743 3736 XIII
756 3676 806 3749 19,
822 3675 855 3736 6:
879 3673 1102 3754 θορυβοῦντος
1123 3675 1182 3734 τοῦ
1207 3667 1312 3756 δήμου

136 3773 299 3849 Νικόλαός
337 3797 385 3848 τις
423 3769 599 3858 ἀνέβαινεν
634 3774 691 3840 ἐπὶ
723 3772 761 3840 τὰ
795 3780 885 3861 βῆμα
921 3779 1110 3863 ‚escendere
1133 3777 1311 3861 studebat,

135 3887 213 3953 item
237 3884 354 3951 XVIII
367 3891 419 3968 34,
436 3891 468 3950 2ε
482 3877 594 3955 ἐὐθὺς
617 3881 681 3948 δὀἱ
704 3883 767 3965 μὲν
783 3879 988 3948 ὑπασπισταὶ
1004 3889 1229 3969 προσθέμενοι
1254 3880 1312 3958 τὰς

136 3994 298 4074 κλίμακας
314 3987 499 4078 ἀνέβαινον,
517 3989 549 4053 οἱ
565 3985 654 4056 δ’ἐπὶ
669 3996 734 4055 τῶν
750 3987 937 4075 ἐλεφάντων
951 3989 1011 4055 τὸν
1026 3988 1155 4076 χάρακα
1171 3995 1312 4058 διέσπων

136 4102 191 4164 καὶ
214 4094 273 4171 τὰς
295 4096 449 4174 ἐπάλξεις
473 4096 664 4181 ἐρρίπιοονε
693 4101 834 4181 ‚Murum
859 4102 958 4166 scalis
974 4103 1150 4167 tentabant
1165 4107 1198 4168 ct
1218 4120 1312 4166 cona-

135 4212 258 4274 bantur
292 4208 414 4274 vallum
453 4208 609 4274 dirimere
654 4214 687 4274 et
718 4207 837 4290 pinnas
870 4205 1069 4275 concutere‘
1125 4211 1206 4274 Tum
1236 4210 1311 4276 novi

136 4317 261 4397 aliquid
285 4315 414 4398 accidit,
440 4316 524 4397 quod
551 4315 673 4381 aoristo
698 4321 872 4381 narratur:
899 4307 916 4376 ὅ
941 4314 976 4379 δὲ
992 4310 1311 4396 Πιολεμοῐος..,αόν

132 4417 319 4508 ἡγούμενον
341 4424 407 4484 τῶν
431 4418 620 4506 ἐλεφάντων
644 4417 874 4503 ἐξετύφλωσεν.
