3264 5050
764 517 1011 617 *¹4·-,

292 710 382 781 veris
407 710 580 780 Diodorum
611 714 767 782 aoristum
793 709 964 798 ἱστόρησαν
988 712 1170 794 scripsisse.
1220 703 1283 780 Seu
1307 713 1335 778 si
1358 715 1459 795 respi-

292 822 396 886 cimus
430 823 548 888 literas
582 839 664 902 quae
688 822 859 904 leguntur,
885 839 956 885 mea
980 819 1105 902 quidem
1132 821 1297 887 sententie
1330 820 1459 886 dubium

292 930 424 994 minime
449 948 521 996 esse
545 937 663 1010 potest,
681 929 759 1010 quin
779 928 940 994 [liodorus
959 935 1086 1009 tompus
1104 947 1258 1009 praesens
1281 925 1460 1010 ἱστοροῦσιν

292 1038 497 1118 adhibuerit,
538 1056 577 1101 cx
612 1056 674 1118 quo
710 1036 819 1104 literis
863 1036 990 1102 duabus
1025 1036 1144 1102 deletis
1168 1031 1316 1118 ἱστόρουν
1341 1035 1458 1103 factum

291 1147 383 1225 esu).
433 1145 503 1209 Huc
533 1145 676 1226 accedit,
711 1145 797 1226 quod
827 1145 924 1223 paulo
955 1162 1055 1223 supra
1086 1140 1260 1231 [146‚7s.]
1291 1145 1382 1208 locus
1415 1145 1459 1210 in·

290 1253 429 1337 venitur,
457 1271 519 1337 quo
544 1251 661 1320 similis
686 1271 739 1318 res
764 1250 940 1322 simillimis
964 1251 1074 1318 verbis
1099 1251 1237 1319 dicitur:
1262 1250 1294 1313 οἱ
1317 1251 1379 1332 μὲν
1402 1233 1459 1315 οὖν

289 1357 386 1444 ἱερεῖς
409 1355 444 1422 εἰν
467 1362 531 1424 τῶν
566 1353 765 1442 ἀναγραφῶν
801 1353 953 1438 ἔφασαν
988 1351 1151 1440 εὑρίσκειν
1175 1353 1259 1422 ἑπτὰ
1285 1355 1367 1442 πρὸς
1395 1367 1460 1430 τοῖς

287 1463 531 1551 τετταράκοντα
554 1461 677 1548 τάφους
700 1460 895 1548 βασιλικούς·
920 1462 965 1535 είς
988 1464 1023 1528 oc*
1040 1467 1252 1546 Πτολεμαῖον
1272 1460 1330 1530 τόν
1346 1463 1458 1546 Λόγον

289 1576 460 1654 διαμεῖναί
487 1592 594 1659 φασιν·
610 1571 830 1637 ἑπτακαίδεκα
847 1569 964 1652 μόνον,
987 1557 1031 1635 ὧν
1050 1571 1091 1637 τὰ
1108 1566 1214 1638 πολλοὶ
1237 1577 1457 1657 κατέφθαρτο,

288 1675 369 1745 καθ’
392 1675 447 1753 οἱς
471 1676 607 1765 χρόνους
630 1677 862 1764 παρεβάλομεν
884 1673 978 1764 ἡμεῖς
1002 1675 1047 1752 εἰς
1071 1676 1213 1752 ἐκείνους
1228 1676 1303 1754 τούς
1325 1679 1459 1757 τόπους,

287 1787 344 1853 ε’πλ
368 1793 424 1874 τῆς
448 1787 619 1874 ἑκατοστῆς
643 1789 699 1852 καὶ
722 1783 934 1882 ὀγδοηκοστῆς
962 1780 1179 1870 ὄλυμπιαίόος·
1204 1781 1243 1852 οὗ
1265 1785 1371 1869 μόνον
1399 1785 1460 1852 δὀἱ

286 1892 357 1960 κατ’
388 1895 552 1976 Αἴγυπτον
580 1893 676 1978 ἱερεῖς
705 1890 739 1957 ἐκ
768 1898 832 1960 τῶν
860 1889 1060 1978 ἀναγραφῶν
1089 1893 1340 1978 ἱστοροῦσιν,
1374 1891 1457 1961 α’λλαὶ

286 2005 340 2066 καὶ
364 2003 483 2067 πολλοὶ
513 2006 577 2065 τῶν
607 1996 768 2086 Ἑλλήνων
796 2005 860 2064 τῶν
891 1999 1151 2085 παραβαλόντων
1183 2001 1311 2083 μὲν...
1341 2021 1458 2067 συντα-

286 2114 438 2190 ξαμένων
463 2110 498 2173 δὲ
513 2104 570 2180 ταὶς
594 2103 816 2189 Αἰγυπτιακὰς
840 2106 1000 2193 ἱστορίας,
1018 2163 1046 2176 .,
1090 2114 1354 2192 συμφωνοῦσι
1390 2119 1459 2182 τοῖς

284 2211 341 2300 ὑφ’
353 2211 445 2302 ἡμῶν
462 2215 655 2303 εἰρημένοις.
670 2215 761 2299 Quae
778 2235 849 2282 cum
868 2219 914 2280 ita
932 2218 1008 2299 sint,
1027 2218 1177 2283 dubitare
1193 2238 1256 2284 non
1274 2237 1457 2299 possumus,

285 2327 363 2406 quin
388 2344 445 2406 pro
477 2319 641 2406 ἱστόρουν,
680 2323 764 2404 quod
796 2324 829 2389 in
861 2325 1028 2390 codicibus
1054 2325 1184 2391 videtur
1207 2331 1350 2410 exstare,
1374 2323 1458 2388 ἱστο-

284 2435 398 2516 ροῦσιν
422 2433 626 2498 scribendum
653 2433 706 2497 sit.

301 3071 347 3138 II.
388 3071 445 3137 De
470 3072 626 3138 aoristis
650 3081 687 3138 et
711 3071 946 3157 imperfectis
970 3073 1168 3157 particulis
1193 3075 1259 3156 καὶ,
1283 3071 1429 3160 μὲν-δέ,

697 3180 785 3246 aliis
809 3180 1036 3246 coniunctis.

385 3377 598 3443 Nouissimum
625 3383 676 3442 cst
709 3377 901 3458 saepissime
933 3379 1017 3457 opud
1051 3345 1230 3459 scriptores
1259 3397 1321 3442 uon
1347 3380 1452 3444 solum

278 3484 470 3564 posterioris
500 3485 557 3548 sed
589 3485 685 3549 etium
721 3486 845 3552 veteris
877 3486 998 3550 aetatis
1030 3486 1174 3550 ambitus
1204 3486 1375 3552 verborum
1401 3486 1453 3549 iu-

277 3591 394 3666 veniri‚
429 3609 563 3671 quorum
597 3592 700 3656 eltcro
732 3593 765 3658 in
800 3593 943 3658 membro
968 3594 1121 3676 coriscus,
1147 3593 1178 3657 iu
1204 3594 1309 3657 altero
1333 3593 1453 3674 imper-

276 3697 395 3764 fectum
427 3705 552 3777 exstet,
586 3701 679 3764 velut
709 3699 809 3764 Thuc.
836 3699 988 3775 llum:
1013 3707 1072 3761 καῖ
1097 3697 1213 3780 οἱμὲν
1243 3696 1381 3783 ἄραντες
1410 3702 1454 3788 τῇ

276 3808 467 3891 παρασκευῇ
500 3800 603 3890 ταύτῃ
645 3806 854 3889 περιέπλεον,
891 3804 922 3868 οἱ
957 3801 992 3869 δὲ
1027 3803 1291 3892 Πελοποννήσιοι
1329 3804 1454 3891 χρόνον

275 3909 491 3991 ἐμμείναντες
515 3909 550 3974 ἐν
572 3915 612 4000 τῇ
633 3907 755 4000 Ἀττικῇ
778 3905 855 3976 ὅσον
879 3904 970 3994 εἶχον
986 3909 1026 3977 τοὶ
1044 3911 1217 3996 ἐπιτήδεια
1242 3907 1453 3999 α’νεχοὶρησαν

244 4015 328 4097 ,διὰ
362 4023 529 4083 Βοτιιτοὶν.
590 4020 684 4104 Quod
715 4040 778 4086 nou
811 4022 992 4089 mirandum
1026 4033 1086 4090 est.
1139 4024 1221 4088 Nam
1259 4023 1319 4089 ille
1361 4025 1453 4089 ectio

275 4128 382 4208 durat,
408 4128 481 4192 dum
510 4147 564 4194 res
588 4129 674 4193 oliae
699 4135 876 4212 geruntur,
903 4130 985 4195 haec
1009 4132 1161 4196 absoluta
1185 4137 1246 4196 est.
1295 4130 1358 4196 Sed
1382 4132 1452 4197 nisi

275 4235 393 4318 fallor,
418 4253 490 4299 cum
526 4235 583 4300 elii
607 4254 716 4303 rerum
749 4237 927 4317 scriptores
961 4237 1157 4318 posteriores
1190 4245 1256 4302 tum
1283 4238 1452 4304 Diodorus

381 4430 407 4492 l)
429 4428 477 4483 cfr,
507 4428 587 4482 etiam
614 4429 725 4494 V43‚3
745 4431 814 4496 44,1.
835 4434 864 4484 et
882 4431 908 4496 2,
928 4431 973 4484 ubi
1002 4431 1094 4485 eodem
1123 4431 1228 4486 ratione
1260 4447 1387 4500 praesens
1420 4442 1454 4488 et

273 4518 461 4587 imperfectum
480 4519 595 4573 varient.
