3306 5050
759 469 978 532 ..52-

386 664 563 728 Praeterea
595 666 710 730 notavi
739 663 839 728 semel
868 661 927 728 inf.
964 681 1030 727 eor.
1059 683 1090 727 v.
1118 668 1346 744 παραχωρεῖν
1369 659 1458 723 ΧΠ]

283 779 381 846 25‚2:
407 766 599 833 ἀπέστειλεν
628 766 780 849 α’χχελονς
809 766 952 832 κελεόων
982 771 1046 832 τών
1070 762 1183 832 όπλων
1211 771 1457 853 παραχωρῆσαι,

280 881 345 944 iria
369 880 518 958 exemplu
542 879 654 941 aeriSti
687 879 778 940 verbi
814 883 1038 959 προσχωρεῖν
1060 875 1147 938 XIV
1159 883 1214 958 48,
1232 886 1263 940 i:
1298 869 1458 958 Ἐρνκῖνοι

279 982 534 1067 προσεχώρησαν
556 987 602 1068 τῷ
614 987 786 1068 Διονυσίῳ,
800 986 884 1048 idem
899 991 952 1066 48,
967 992 998 1066 43
1028 981 1130 1046 XVII
1144 990 1196 1062 98,
1212 992 1249 1049 2:
1274 987 1458 1066 περίφοβοι

280 1087 452 1171 γενόμενοι
476 1115 513 1154 τι.
537 1095 582 1176 τῷ
605 1091 741 1171 βασιλεῖ,
784 1093 834 1155 bis
869 1111 939 1155 uer.
977 1091 1065 1154 verbi
1106 1097 1296 1174 συγχωρεῖν
1312 1089 1362 1152 ΧΙ
1380 1098 1457 1156 8.2;

280 1197 338 1262 ἐπὶ
362 1201 500 1261 αοσοῦτο
534 1201 723 1281 προέβησαν
757 1205 827 1268 ταῖς
851 1201 1058 1279 προθνμιαις
1081 1191 1163 1261 ὥστε
1191 1193 1266 1268 τοὺς
1296 1193 1459 1267 εἰωθότας

280 1303 315 1367 ἐκ
339 1306 487 1390 διαδοχῆς
511 1301 780 1386 μεταλαμβάνειν
802 1306 858 1376 τῆς
880 1300 985 1389 μα’χης
1009 1296 1049 1366 ori
1071 1301 1298 1388 συνεχώρησαν
1330 1297 1414 1367 ἄλλό
1428 1351 1456 1366 ..

279 1407 421 1484 πολλοὺς
449 1406 600 1497 ἀνῄρουν,
626 1413 763 1479 auxili
778 1419 825 1494 12,
840 1419 868 1476 4.
898 1412 991 1496 Quod
1006 1415 1139 1477 verbum
1152 1431 1223 1477 euru
1239 1413 1372 1478 notione
1382 1431 1456 1475 ceu·

280 1521 415 1587 cedendi
453 1522 501 1585 vei
540 1521 749 1602 permittendi
787 1538 884 1599 saeue
920 1519 1098 1584 invenitur.
1135 1523 1211 1584 Aer.
1238 1519 1327 1584 verbi
1364 1514 1455 1580 ὑπα-

265 1634 394 1709 ·χωρεῐν
418 1636 528 1695 exstat
552 1626 599 1691 XI
620 1634 648 1711 i,
665 1637 697 1690 2:
723 1619 832 1705 ὀλίγον
855 1626 918 1704 μὲν
945 1621 1066 1708 χρόνον
1087 1607 1256 1704 ὑπέμενον
1290 1622 1348 1689 τόν
1389 1629 1456 1687 κίν-

280 1734 381 1809 δονοι,
406 1731 613 1813 κτεινόμενοι
638 1734 672 1796 δὲ
685 1781 713 1800 ..
729 1727 945 1816 ὑπεχώρησαν

388 1843 478 1905 Ηοεο
504 1842 611 1919 habui,
637 1860 719 1920 quae
744 1843 782 1904 de
809 1842 919 1905 verbis
942 1843 1071 1921 τρέχειν
1095 1851 1127 1902 et
1155 1845 1270 1923 χωρεῖν
1305 1840 1454 1904 dicerem.

281 1949 508 2013 Intelleximus
545 1949 645 2026 igitur
679 1951 756 2012 Ιαιαο
789 1952 890 2013 verba
924 1966 984 2011 usu
1009 1954 1066 2009 aut
1092 1948 1221 2026 paulum
1247 1956 1304 2010 aru
1327 1947 1456 2011 uiiriia

281 2057 412 2137 legibus
436 2057 658 2137 generalibuS,
684 2074 764 2134 ques
789 2055 1030 2133 coustituiruuS,
1056 2053 1196 2117 differre.

380 2732 464 2798 VII.
512 2732 569 2799 De
592 2734 723 2799 verbis
748 2727 856 2818 ὁρμᾶν
880 2742 916 2799 et
940 2728 1145 2815 πορεύεσθαι
1170 2739 1206 2796 et
1231 2747 1353 2815 comp.

385 2931 525 2995 Verbum
567 2922 673 3011 ὁρμᾶν
709 2931 898 3009 saepissiuie
933 2931 1018 3009 apud
1057 2929 1232 2994 Diodorum
1259 2928 1392 3009 iegitur,
1418 2948 1456 2992 ue

283 3039 382 3103 uiuite
428 3039 521 3118 piure
564 3047 640 3101 suut
685 3039 832 3116 exemplu
874 3039 1005 3118 generis
1044 3035 1145 3102 activi
1181 3053 1280 3122 *quam
1324 3037 1455 3114 passivi.

282 3147 412 3212 Nullum
438 3147 540 3210 leeuru
568 3145 644 3224 vidi,
670 3163 733 3223 quo
752 3145 814 3208 iud.
832 3164 896 3208 uer.
914 3137 1074 3227 ώρμήθην
1089 3144 1290 3222 inveniatur;
1317 3151 1351 3208 :it
1369 3152 1453 3221 uari.

281 3247 440 3336 ὁρμηθείς
464 3256 596 3333 saepius
621 3251 793 3330 reperitur.
841 3252 1005 3330 Nusquam
1031 3253 1124 3317 verbi
1149 3251 1305 3330 simplicis
1335 3252 1454 3331 imper-

282 3359 402 3425 fectum
439 3358 504 3441 legi
541 3369 639 3438 atque
676 3359 776 3422 etiam
814 3377 841 3423 v.
879 3359 1055 3437 composita
1091 3358 1259 3422 admodum
1294 3376 1369 3422 rare
1393 3359 1455 3422 hae

281 3466 385 3531 ferma
398 3467 634 3548 exprimetur,
652 3466 744 3529 velut
760 3465 809 3530 IV
827 3471 878 3546 73,
894 3471 929 3543 4;
956 3469 1061 3557 neque
1079 3464 1135 3530 inf.
1153 3483 1258 3546 praes.
1275 3465 1453 3548 iuvenitur,

282 3575 337 3638 seri
375 3592 473 3654 saepe
510 3581 591 3652 pert.
630 3591 702 3652 geu.
739 3590 823 3653 pass.
864 3565 1061 3655 ὁρμώμενος.
1110 3572 1258 3637 Ceterum
1295 3573 1335 3637 de
1358 3572 1454 3637 huius

284 3681 375 3745 verbi
401 3699 460 3745 usu
485 3683 548 3743 ueri
575 3687 650 3758 puio
675 3697 755 3757 opus
780 3697 852 3744 esse
876 3678 969 3759 plura
994 3679 1164 3744 disserere

388 3790 477 3853 Part.
504 3805 608 3867 praes,
646 3787 737 3852 iuxta
774 3794 858 3866 part.
892 3806 955 3850 aer.
982 3792 1091 3852 exstat
1108 3787 1155 3851 IV
1172 3791 1272 3872 33‚3:
1298 3781 1455 3848 ἐντεῦθεν

281 3890 472 3978 ὁρμώμενος
488 3896 543 3956 καὶ
559 3889 751 3974 πυθόμενος
768 3888 912 3973 πομπὴν
929 3885 1195 3956 α’ποστίλλεσθαι
1209 3944 1235 3958 ..
1260 3888 1454 3976 προσπεσών

283 3997 470 4087 οίπίκτεινε,
509 4007 609 4081 IIII:
645 3997 719 4071 τούς
743 3996 948 4083 Κενταόρονς
972 4004 1250 4083 μετεωρισθέντας
1273 4002 1327 4062 καὶ
1351 3993 1453 4082 όρμω-

283 4113 401 4189 μένους
423 4105 588 4196 λῄζεσθαι,
615 4111 691 4174 item
707 4115 756 4191 79,
773 4117 807 4173 6:
833 4102 1020 4191 ὁρμώμενοι
1053 4105 1087 4180 ἐξ
1109 4102 1228 4189 όχνρᾶς
1252 4102 1379 4176 πόλεως
1398 4106 1454 4168 καὶ

284 4213 670 4298 καταπολεμήσαντες...
706 4208 820 4277 ἱκανόν
864 4212 1100 4300 κατεκτήσαντο
1143 4211 1261 4298 χώραν.
1331 4213 1455 4296 Quibus

284 4327 365 4390 leuis
397 4325 429 4390 in
469 4325 525 4387 iiia
562 4334 742 4406 temporum
769 4323 996 4388 coniunctione
1034 4330 1172 4389 nonest
1209 4321 1453 4404 offendendum,

285 4449 354 4496 eum
396 4449 494 4497 seusu
531 4433 705 4498 verberum
739 4432 823 4496 bene
859 4430 1047 4518 explicetur.
1096 4430 1171 4494 Alia
1203 4431 1349 4512 exempla
1374 4437 1457 4510 pert.
