3264 5050
636 481 859 542 ..19-

165 670 425 760 παρατάξασθαι
450 679 635 755 permanet,
672 692 742 738 euru
777 672 853 740 nevi
880 672 1001 754 aliquid
1039 673 1164 738 evenit:
1190 669 1348 736 ἐνέπεσον

166 779 210 853 είς
240 775 396 865 λοιμικὴν
426 783 623 863 περίστασιν.
669 780 891 865 X111‚39‚s
925 799 977 846 res
1001 780 1095 845 fiuiiu
1119 799 1186 845 eur.
1211 776 1348 865 ἔστησαν

165 889 380 971 significatur,
394 907 448 954 res
466 908 527 952 uon
546 888 639 954 finite
657 887 740 969 irupi
763 879 983 972 ἀντανήγοντο
1002 887 1072 966 (sed
1089 907 1120 952 v.
1136 907 1162 952 s.
1180 908 1209 954 v.
1228 887 1344 968 iufra)2

165 981 256 1060 οὗτοι
279 990 342 1076 μὲν
366 991 401 1058 ἐκ
423 998 483 1058 τοῦ
506 988 589 1079 πρὸς
606 989 667 1078 τὴν
691 991 793 1057 Ἀσίαν
816 997 936 1077 μέρους
961 990 1097 1077 ἔστησαν
1120 988 1184 1065 νας,
1201 997 1289 1079 ναῦς,
1316 993 1348 1056 ui

166 1095 364 1188 δ”Αθηναῑοι
402 1098 438 1164 τὸ
488 1098 571 1185 πρὸς
617 1095 677 1184 τὴν
715 1094 880 1186 Εὐρώπην
937 1097 1063 1180 ἔχοντες
1110 1097 1348 1186 ἐπανήγοντο,

165 1209 260 1288 XIII,
278 1216 331 1295 45,
351 1213 386 1274 3:
419 1202 436 1270 ί
467 1207 502 1272 δέ
525 1205 670 1291 Δωριεύς
693 1209 789 1292 μεχρὶ
812 1213 875 1288 μέν
898 1229 987 1272 τινος
1010 1199 1170 1291 α’γνοησας
1192 1204 1229 1272 τὸ
1253 1204 1347 1287 γενό-

165 1337 266 1397 μενον
290 1313 386 1379 ἔπλει
409 1321 577 1398 μετέωρος,
603 1311 805 1398 κατανοήσας
820 1308 854 1378 δὲ
871 1312 1076 1401 κατεπλάγη
1103 1322 1155 1398 46,
1175 1323 1210 1383 3:
1237 1312 1269 1376 οἱ
1284 1309 1348 1395 μὲν

165 1418 428 1503 Λακεδαιμόνιοι
457 1421 719 1500 καταπλαγέντας
747 1418 949 1506 ἐτράπησαν,
976 1419 1007 1483 οἱ
1031 1415 1227 1506 δ’(Αίίηναῖοι
1251 1443 1347 1502 μετε-

165 1534 361 1613 ωρισθέντες
384 1525 468 1608 μετὰ
485 1529 629 1613 σπουδῆς
653 1526 878 1615 ἐπεδίωκονῑ),
1042 1617 1044 1620 Ι

271 1636 377 1720 XIII,
403 1643 499 1718 46,l
540 1637 664 1718 puriter
694 1635 786 1718 iurpf.
820 1637 968 1717 punitur,
1004 1637 1087 1716 quod
1118 1657 1173 1703 res
1198 1639 1343 1718 gerenda

163 1764 226 1811 nou
251 1745 378 1811 finitur:
411 1740 445 1806 αἱ
465 1735 539 1823 μετ’
563 1737 762 1825 Ἀλκιβιάδου
785 1740 927 1828 τριήρεις
955 1741 1109 1828 ἐξαίφνης
1126 1741 1346 1830 ἐπέστρεψαν,

166 1854 359 1935 Θηραμένης
384 1849 419 1913 δέ
443 1851 499 1913 καὶ
522 1847 752 1934 Θρασύβουλος
776 1847 895 1914 ἔπλεον
920 1846 978 1913 ἐπὶ
1000 1845 1059 1934 την
1084 1847 1185 1914 πόλιν
1208 1853 1263 1913 καὶ
1288 1845 1347 1915 τὸν

167 1951 343 2021 ἀπόπλουν
373 1951 590 2038 ὖπενέμονιο.
641 1959 724 2024 Mire
747 1958 903 2023 videntur
932 1977 988 2022 aur
1022 1964 1055 2024 ei
1079 1957 1165 2040 impf
1194 1958 1343 2024 adhiberi

163 2065 261 2150 XIII,
288 2073 340 2150 62,
360 2072 392 2132 2:
417 2061 546 2148 ἐκείνην
569 2066 631 2144 μὲν
654 2059 715 2149 την
729 2059 859 2149 ἡμέραν
876 2066 1137 2150 διεκαρτέρησαν,
1162 2067 1202 2152 τῇ
1226 2058 1346 2128 δ’ὕστε-

167 2176 246 2258 ραίᾳ
269 2175 333 2237 τῶν
355 2169 497 2257 τριήρων
520 2168 792 2254 ἐπιφαινομένων
815 2168 876 2257 ἤδη
900 2176 1071 2254 συνέβαινε
1094 2167 1131 2236 τὸ
1156 2172 1220 2252 μὲν
1242 2180 1348 2252 τεῖχος

165 2287 289 2346 πεσεῖν.
337 2280 452 2345 Obiter
485 2279 567 2344 euim
602 2281 824 2346 consideranti
855 2281 1021 2346 videbitur
1053 2280 1168 2348 melius
1200 2279 1287 2365 fore,
1319 2283 1346 2346 si

167 2389 277 2468 priore
302 2389 373 2453 locu
396 2387 487 2468 irupf.
512 2387 689 2468 legeretur,
704 2387 855 2460 ‚seeundo
873 2390 1027 2468 auristus,
1052 2390 1144 2453 reiut
1162 2394 1213 2469 73,
1231 2393 1268 2452 4:
1293 2389 1347 2450 καὶ

164 2490 202 2557 τὸ
226 2494 289 2574 μὲν
311 2497 445 2578 πρῶτον
548 2485 684 2577 α’πῆγεν·
711 2490 984 2579 ἐκβοηθησάντων
1007 2493 1042 2557 δὲ
1058 2546 1065 2559 .
1083 2547 1114 2562 ,.
1139 2491 1258 2579 χρόνον
1282 2495 1344 2575 μέν

167 2602 415 2687 διεκαρτέρουν,
446 2597 591 2684 perusie
621 2601 724 2663 ταῦτα
748 2592 1002 2685 ἠναγκάσθησαν
1027 2609 1239 2684 καταφυγεῖν.
1286 2605 1345 2668 At-

163 2715 289 2793 tamen,
323 2726 516 2790 quernqusm
540 2709 601 2774 hoc
625 2709 772 2789 exemplo
797 2709 947 2774 doeemur
971 2711 1031 2775 hee
1055 2711 1089 2775 in
1112 2729 1148 2775 re
1171 2711 1343 2776 arbitrium

163 2817 337 2896 scriptoris
371 2817 507 2880 muitum
532 2816 660 2897 valere,
692 2817 750 2880 hus
775 2817 863 2881 locos
887 2817 1017 2897 paulum
1043 2817 1132 2882 inter
1155 2836 1191 2884 se
1216 2818 1345 2883 differre

163 2924 343 2990 concedere
374 2941 510 2989 necesse
539 2929 597 2988 est.
632 2929 723 2999 73‚4
753 2931 822 2988 tote
854 2925 939 2988 aetio
963 2943 1026 2988 nun
1052 2926 1152 2991 verbo
1178 2926 1344 3008 διεκαρτέ-

164 3052 244 3115 ρουν
268 3031 327 3096 sed
350 3031 462 3098 vorbis
485 3025 740 3114 ἠναγκάσθησαν
764 3037 963 3111 καταφυγεῖν
987 3032 1117 3112 fluitur3
1143 3036 1229 3115 θην
1256 3034 1345 3113 prior

164 3138 233 3202 dies
262 3139 415 3218 expletur
447 3137 539 3220 quasi
572 3140 700 3202 actione
732 3138 935 3218 sustinendi,
969 3157 1052 3218 quae
1086 3139 1162 3218 quia
1193 3141 1346 3205 absoluta

163 3251 224 3329 est,
249 3244 373 3310 eoristo
397 3245 603 3326 exprimitur,
628 3281 670 3293 ·-
697 3246 804 3309 aliero
828 3245 861 3308 in
887 3263 925 3311 eo
951 3253 1030 3326 erut,
1057 3250 1094 3309 ut
1117 3245 1242 3311 muenia
1266 3245 1343 3310 iern-

164 3353 228 3417 iam
255 3351 432 3434 συνέθεσαν,
458 3371 530 3416 uam
556 3351 589 3420 id
612 3353 672 3417 heu
695 3351 766 3416 locu
790 3351 1017 3432 imperfectum
1043 3353 1217 3434 siguificat.
1248 3421 1250 3428 ,

271 3459 347 3523 Alia
372 3459 520 3540 exempla
545 3459 703 3540 leguntur
726 3457 828 3544 XIII,
856 3465 911 3542 76,
931 3466 970 3523 ἐς
996 3455 1032 3522 ἐν
1054 3455 1138 3547 α’ρχῇ
1160 3453 1225 3540 μὲν
1249 3452 1345 3523 οὐδέν

162 3560 251 3648 ἤνυε,
276 3559 349 3644 μετ’
373 3559 482 3643 ὀλίγον
507 3560 543 3628 δὲ
569 3616 598 3630 ..
616 3615 621 3629 .
639 3569 880 3648 παρεισέπεσεν
898 3561 988 3637 ἐντὸς
1003 3570 1067 3629 τῶν
1082 3571 1212 3648 τειχῶν;
1237 3574 1291 3650 88,
1313 3574 1343 3633 l:

163 3669 360 3755 ἐπεχείρουν
384 3671 444 3752 μὲν
467 3672 668 3758 πολιορκεῖν,
694 3672 879 3744 πολυτελῶς
901 3667 1036 3758 δἀὕτὴν
1060 3669 1200 3757 ὁρῶντες
1216 3667 1343 3757 ὠχυρω-

163 3783 266 3864 μένην
288 3771 493 3864 ἅπέατησανς
530 3785 602 3861 112,
621 3785 660 3844 3:
695 3777 727 3841 οἱ
760 3769 824 3860 μέν
855 3783 1064 3862 Συρακοσίων
1089 3779 1204 3853 ἱππεῖς
1226 3777 1264 3845 τέ
1282 3781 1345 3861 μὲν

162 3889 297 3968 πρῶτον
325 3882 509 3969 ἐπετήρουν
525 3935 532 3950 .
549 3935 556 3952 .
573 3903 588 3948 .·
614 3880 653 3958 ὥς
677 3879 820 3968 δ’ἐαὶρων
837 3939 844 3952 .
861 3935 869 3951 .
887 3941 906 3972 ,,
931 3881 1149 3969 ὁμοθυμαδὸν
1172 3881 1343 3970 ἀφίππευ-

161 4015 222 4058 σαν
257 3989 303 4066 είς
336 3988 394 4064 τὰς
427 3988 656 4076 Συρακούσας
680 3994 776 4078 XIV,
804 4000 860 4077 23,
885 4002 921 4062 8:
957 3991 994 4059 τέ
1030 3995 1093 4075 μέν
1129 3997 1342 4080 πρῶτον

270 4209 297 4268 l)
317 4207 441 4262 Breviier
460 4206 509 4260 hoe
528 4206 586 4260 loeo
605 4207 713 4274 attiugo
731 4203 803 4282 μετὰ
824 4207 954 4280 σπουδῆς,
973 4204 1042 4264 κατὰ
1060 4204 1185 4282 σπουδὴν
1198 4209 1251 4262 ulie
1264 4210 1344 4264 huius

161 4295 270 4364 generis
289 4295 416 4350 adverbia
435 4294 591 4364 saepissime
610 4311 669 4348 curu
690 4295 764 4362 impf.
784 4298 920 4366 cougungi
941 4305 970 4351 et
982 4298 1066 4352 multo
1081 4298 1196 4366 suepIus,
1216 4306 1247 4351 ut
1260 4299 1343 4366 pulte,

162 4400 241 4451 quam
269 4384 339 4453 apud
358 4385 512 4454 Polybium,
541 4385 574 4438 de
602 4385 678 4439 euius
703 4400 752 4438 usu
779 4385 813 4440 ef.
833 4387 863 4442 F.
883 4387 1000 4440 Hultseh
1020 4388 1089 4442 Abh.
1111 4388 1135 4441 d.
1157 4388 1182 4441 S.
1203 4388 1234 4442 G.
1254 4388 1279 4442 d.
1299 4389 1342 4442 W.

162 4475 231 4530 XIII
251 4476 311 4540 1‚17
324 4489 359 4529 ss,
