3264 5050
766 457 990 518 ..13-

400 645 483 711 VIII
500 644 523 710 f.
542 651 593 728 10,
614 651 625 709 1
649 645 728 711 baec
744 647 922 729 leguntur:
951 640 1074 730 ’Δρχίας
1097 641 1115 708 ό
1132 650 1310 730 Κορίνθιος
1322 682 1338 695 -
1352 643 1390 709 τό
1406 645 1463 726 μὲι

291 754 423 836 πρῶτον
458 757 684 836 προσέπεμπέ
722 775 797 816 τινα
838 757 883 838 τῷ
917 755 1012 816 παιδὶ
1047 750 1240 834 θαυμαστὰς
1275 752 1468 832 ἐπαγγελίας

293 857 500 939 ποιούμενος·
538 855 577 922 οὐ
608 856 790 939 δυνάμενος
821 860 857 924 δὲ
890 855 992 923 αὐτὸν
1026 853 1208 941 ἀναλαβεῖν
1333 856 1468 943 ἤθροισε

293 969 359 1028 τῶν
378 964 531 1051 σνυῆθων
553 962 629 1038 τούς
652 966 823 1038 πλείστους
846 961 887 1039 ὦς
908 963 1104 1048 βιασόμενος
1126 965 1185 1030 τὸν
1208 1018 1239 1033 ..
1262 962 1309 1052 μὴ
1326 961 1470 1030 ίιπακυό-

290 1092 381 1136 οιτα.
428 1075 496 1140 Res
518 1073 685 1139 inferioris
708 1077 852 1156 generis,
876 1093 962 1157 quae
985 1076 1125 1142 alterius
1141 1075 1235 1155 quasi
1260 1074 1469 1156 praeparatio

291 1189 354 1261 est,
378 1181 581 1262 Imperfecta,
595 1199 651 1246 res
669 1182 843 1262 praecipua
860 1183 982 1247 aoristo
998 1182 1128 1247 dieitur.
1175 1182 1305 1247 Pariter
1321 1182 1380 1263 XI,
1401 1188 1429 1262 l,
1447 1187 1466 1246 5

290 1286 341 1352 bis
364 1287 540 1353 adhibetur
563 1287 810 1370 imperfectum,
842 1289 976 1371 deinde,
1006 1295 1043 1354 ut
1067 1289 1295 1370 apparationis
1318 1289 1394 1354 fiais
1418 1289 1467 1352 in-

291 1394 434 1477 dicetur,
460 1397 622 1460 aoriaiua:
652 1389 840 1466 ἀκολούθως
863 1379 922 1458 οὖν
945 1401 1015 1466 ταῖς
1038 1391 1220 1479 συνθήκαις
1249 1397 1334 1476 (aum
1359 1397 1471 1460 Xerxe

289 1500 402 1586 factis)
431 1497 647 1584 Καρχηδόνιοι
689 1501 751 1582 μέν
783 1497 958 1584 χρημάτων
988 1502 1117 1585 πλῆθος
1155 1497 1374 1586 ἀθροίσαντες
1411 1523 1469 1580 μι-

288 1603 477 1690 σθοφόρους
498 1611 638 1686 συνῆγον
662 1605 697 1672 ἔκ
721 1629 757 1671 τε
778 1610 832 1693 τῆς
850 1602 990 1680 Ἰταλίας
1013 1610 1069 1671 καὶ
1084 1612 1279 1692 Λιγυστικῆς
1296 1662 1302 1675 .
1320 1661 1326 1672 .
1343 1660 1368 1692 .,
1386 1603 1470 1691 πρὸς

289 1713 325 1778 δὲ
352 1710 481 1786 τούτοις
512 1711 547 1778 ἐκ
577 1717 633 1798 τῆς
662 1712 789 1800 Λιβύης
816 1709 943 1800 ἀπάσης
974 1718 1030 1780 καὶ
1062 1712 1115 1798 τῆς
1138 1713 1343 1800 Καρχηδόνος
1377 1720 1467 1778 κατέ-

288 1843 414 1905 γραφον
449 1815 622 1894 πολιτικὰς
657 1818 822 1902 δυνάμεις
856 1823 949 1894 τέλος
977 1822 1011 1887 δὲ
1034 1827 1147 1907 τριετῆ
1169 1820 1291 1906 χρόνον
1313 1825 1392 1906 περὶ
1414 1815 1471 1894 τὰς

288 1923 496 2012 παρασκευὰς
523 1921 760 2014 οἷσχοληθέντες
784 1926 946 2014 ἥθροισαν
975 1933 1084 2007 πεζῶν
1107 1924 1171 2009 μὲν
1196 1924 1279 2012 ὑπὲρ
1301 1926 1359 2002 τὰς
1381 1926 1470 2012 τριό-

290 2056 391 2099 κοντα
436 2031 615 2118 μυριάδας,
663 2040 741 2108 ναῦς
785 2036 821 2100 δὲ
867 2038 1040 2108 διακοσίας.
1090 2037 1158 2118 XI,
1196 2043 1230 2122 7,
1271 2045 1290 2102 2
1332 2038 1470 2103 actionis

293 2144 386 2225 quasi
432 2163 641 2226 μτοχιεκευε,
685 2162 756 2210 aum
801 2151 899 2210 antea
942 2143 1032 2224 ἰατρέ.
1071 2145 1212 2224 positum
1253 2146 1314 2227 sit,
1346 2145 1469 2211 aorisia

290 2251 510 2333 significatur:
556 2253 683 2314 Κίσσιοι
708 2304 714 2316 .
740 2304 747 2316 .
771 2303 776 2317 .
802 2253 986 2325 διεδέξαντο
1017 2247 1075 2336 τὴν
1109 2246 1219 2335 μα’χην
1250 2252 1306 2314 καὶ
1335 2253 1469 2332 νευχμοὶ

290 2351 375 2440 πρὸς
428 2358 738 2442 διαπεπανημένους
795 2354 1012 2441 συμβαλόντες
1071 2353 1181 2438 ὀλίγον
1235 2359 1298 2438 μὲν
1351 2355 1470 2443 χρόνον

288 2458 458 2545 όπέμενον
496 2459 554 2528 τόν
592 2466 762 2551 κίνδυνον,
815 2462 1021 2547 κτεινόμενοι
1058 2457 1157 2529 δ’ὗπό
1196 2469 1260 2529 τῶν
1299 2466 1377 2550 περὶ
1410 2460 1470 2528 τὸν

289 2573 463 2657 Λεωνίδην
500 2575 555 2636 καὶ
595 2577 786 2654 βιασθέντες
818 2567 1044 2657 ὑπεχώρησαν.
1092 2573 1149 2638 cui
1183 2574 1255 2639 loco
1287 2573 1470 2640 simillimus

291 2688 342 2746 esi
368 2687 420 2766 31,
439 2689 474 2746 2:
505 2675 563 2751 ἕως
590 2676 653 2760 μὲν
682 2661 739 2742 οὖν
770 2684 941 2762 συνέβαινε
972 2674 1030 2742 τὸν
1062 2675 1256 2762 Μαρδόνιον
1288 2676 1372 2760 μετὰ
1404 2683 1469 2743 τῶν

291 2784 472 2851 ἐπιλέκτων
495 2783 768 2870 προκίνδυνεύειν
791 2783 943 2872 εὐψύχως
967 2781 1135 2867 ὑπέμενον
1150 2781 1189 2850 τό
1207 2781 1315 2851 δεινὸν
1332 2786 1363 2850 οἱ
1386 2784 1467 2872 βαρ-

286 2899 396 2978 βαροι·
422 2893 497 2958 ἐπεὶ
521 2888 572 2958 δ’δ’
592 2916 628 2958 τε
645 2892 835 2978 Μαρδόνιος
859 2889 1097 2975 ἀγωνιζόμενος
1120 2891 1273 2975 ἐκθύμως
1298 2892 1396 2958 ἔπεσε
1413 2896 1470 2958 καὶ

287 3006 351 3065 τῶν
375 2999 612 3065 ἐπιλέκτωνι
580 3025 612 3064 οι
635 3002 697 3082 μὲν
721 2994 898 3065 απέθανον
922 3000 954 3064 οἱ
978 3003 1009 3066 δι
1031 2999 1300 3088 κατετρώθησαν,
1325 3023 1470 3084 ανατρα-

285 3113 401 3181 πέντες
423 3116 493 3180 ταῖς
520 3120 568 3195 (βε
570 3131 641 3188 χαις
665 3131 749 3190 προς
765 3129 870 3192 φυχην
895 3104 1055 3194 ω’ρμησαν.
1093 3109 1143 3175 cf.
1167 3119 1340 3190 piaeterea
1362 3117 1415 3196 43,
1431 3117 1467 3176 3:

287 3214 404 3296 οἱμὲν
429 3201 488 3279 οὗν
511 3213 678 3302 Ἀθηναῖοι
702 3211 781 3298 περὶ
805 3211 1137 3301 ταυταῆσχολοῦντο,
1162 3217 1469 3303 (44,1)Λακεδαι-

285 3320 399 3404 μόνιοι
449 3324 483 3387 δὲ
525 3327 719 3387 Παυσανίαν
762 3342 1018 3408 καταστησαττες
1054 3321 1219 3406 ναύαρχον
1264 3327 1470 3410 προσέταξαν

291 3427 491 3513 ἐλευθεροῦν
513 3428 571 3502 τὰς
594 3425 783 3516 Ἑλληνίδας
806 3427 931 3502 πόλεις.

394 3557 510 3623 Priore
557 3557 627 3624 loco
674 3560 796 3639 legitur
841 3558 1003 3639 συνδέτου,
1051 3557 1281 3639 imperfectum
1325 3559 1466 3624 secundo

286 3665 345 3744 XI,
371 3669 423 3746 64,
446 3670 475 3728 i:
500 3659 618 3747 ταότης
641 3664 703 3744 μὲν
726 3667 782 3746 τῆς
805 3663 960 3747 ἐπιβολῆς
983 3659 1179 3748 ἀπέστησαν,
1205 3661 1469 3746 καταλαβόμενοι

285 3771 320 3834 δὲ
346 3808 385 3816 -
411 3775 604 3855 κατέτρεχον
628 3767 688 3855 τῆν
712 3767 923 3894 Λακωνικην,
950 3773 1058 3853 priore
1075 3772 1164 3852 impf.
1183 3772 1256 3837 dein
1274 3791 1340 3838 aar.
1360 3778 1412 3856 67,
1432 3779 1464 3838 7:

286 3871 323 3942 τὸ
341 3899 403 3957 μεν
427 3881 558 3958 πρῶτον
583 3876 806 3962 ἐπεχείρει..
825 3899 914 3958 .,ως
938 3871 1108 3961 δ’ἑοᾞρα
1119 3874 1329 3963 ,συνήγαγεν
1353 3875 1388 3942 ἐκ
1412 3882 1467 3962 τῆς

289 3979 439 4069 Κατάνης
462 4006 537 4056 τους
553 3978 818 4056 α’ποικισθέντας.
846 3987 920 4050 Alia
936 3988 1084 4066 exempla
1102 3987 1154 4060 let,r
1157 3994 1215 4052 unt
1217 4005 1255 4050 ur
1202 3987 1351 4070 ῑΧΙΙ,
1365 3994 1395 4064 8,
1405 3993 1465 4052 ia:

288 4089 381 4162 ουτος
404 4113 465 4172 μεν
490 4073 570 4154 ουν
566 4093 651 4176 περὶ
674 4088 733 4154 τὸν
757 4088 909 4172 οἰκισμὸν
926 4089 1057 4172 ἐγίνετο.
1105 4089 1340 4176 Ἀκραγαντῖνοι
1357 4093 1439 4159 δέ..

285 4194 436 4278 πόλεμον
460 4195 637 4282 ε’ξηιεγκαν
660 4207 728 4270 τοῖς
751 4203 980 4279 Συρακοσίοις;
1026 4205 1083 4282 45,
1108 4208 1145 4268 2:
1184 4196 1273 4263 οἶδ’
1301 4194 1466 4286 Ἀθηναιοι

286 4302 544 4389 παρατάξασθαι
579 4307 642 4386 μὲν
679 4303 737 4369 οὐκ
766 4303 928 4386 ἐτόλμων,
963 4252 1176 4387 συνεχόμενοι
1212 4301 1242 4369 δ’
1277 4301 1367 4379 ἐντὸς
1400 4311 1466 4371 τῶν

282 4417 401 4494 τειχῶν
425 4410 580 4481 ἐνέπεσον
609 4409 655 4486 είς
684 4407 837 4499 λοιμικὴν
862 4416 1061 4498 περίστασιν.
1109 4416 1197 4483 Illud
1230 4407 1288 4478 οόκ
1319 4411 1466 4499 ἐτόλμων
