3264 5050
655 481 856 542 ..γ-

173 678 265 748 utar,
294 673 429 740 verbum
462 664 553 756 ἥκειν
583 690 711 753 semper
755 671 946 753 imperfecto
978 671 1012 735 in
1042 671 1140 736 robus
1172 673 1345 738 narrandis

173 782 316 861 positum
345 799 431 865 esso,
464 798 639 860 numquam
667 779 798 845 aoristo.
846 778 909 845 Sed
940 797 1123 868 sermonem
1155 779 1263 861 illum,
1289 781 1345 860 qui

173 879 192 969 ἡ
216 882 327 968 εοινιή
350 894 495 967 vocatur,
522 887 621 952 etiam
646 886 707 951 hac
723 904 761 952 re
776 892 888 966 putoa
905 904 1052 951 sermone
1070 885 1183 951 Attico
1201 886 1343 970 differre,

174 993 259 1074 quod
291 994 506 1059 mobilitatem
538 994 629 1059 illam
660 993 754 1072 quasi
785 993 937 1074 deposuit
970 999 1002 1058 et
1026 994 1125 1059 cortis
1148 993 1274 1076 regulis
1298 995 1346 1059 in·

173 1100 313 1166 haerere
356 1102 460 1183 magis
501 1101 671 1183 magisque
713 1098 871 1166 assuevit.
938 1097 1009 1180 Quo
1044 1099 1168 1165 iactum
1205 1107 1272 1183 est,
1310 1107 1345 1166 ut

172 1207 372 1287 quorundam
403 1209 574 1274 verborum
614 1208 706 1274 velut
737 1200 935 1284 άνιέχεσθαί
956 1227 1061 1289 τινος,
1085 1197 1238 1285 ἀντέχειν
1268 1211 1342 1291 τινί,

173 1312 315 1380 fortasse
339 1315 436 1380 etiam
461 1314 553 1381 verbi
571 1317 744 1397 προσέχειν
760 1316 835 1389 τινί,
861 1313 936 1380 dein
957 1309 1118 1396 προάγειν
1143 1315 1343 1398 ,procedere‘

172 1439 301 1500 semper
324 1421 561 1504 imperfectum,
579 1423 752 1488 verborum
769 1423 1014 1504 παραγίνεσθαι
1030 1426 1065 1487 et
1081 1417 1290 1500 ἐπιγίνεσθαι
1311 1429 1344 1488 et

172 1528 312 1612 πλρσίαν
344 1530 493 1607 γίνεσθαι
524 1528 701 1610 ,advenire‘
735 1527 1021 1611 ,appropinquare‘
1057 1547 1184 1610 semper
1215 1549 1285 1598 aor.
1309 1530 1344 1594 in

171 1638 270 1703 rebus
293 1637 469 1702 narrandis
492 1635 695 1716 invariatum
720 1637 814 1703 verbi
840 1632 1015 1698 ἐπανιέναι
1041 1636 1184 1718 ,reverti‘
1218 1645 1251 1702 et
1274 1633 1343 1699 ἐπι-

171 1740 363 1830 βάλλεσθαι,
389 1744 468 1825 ‚sich
486 1743 545 1808 mit
562 1749 664 1809 etwas
689 1741 862 1827 befassorr‘,
888 1745 1002 1825 paucis
1025 1743 1105 1808 locis
1129 1750 1213 1825 part,
1238 1763 1344 1825 praes.

173 1851 303 1934 legitur,
328 1852 466 1932 reliquis
489 1850 554 1918 ind.
579 1858 661 1932 part.
683 1850 743 1916 inf.
761 1871 837 1933 aor.,
855 1870 886 1918 v.
902 1855 1063 1934 παριέναι
1078 1870 1141 1916 uuo
1162 1853 1235 1918 loco
1255 1852 1344 1933 impf.

173 1958 285 2040 paucis
309 1967 393 2040 part.
420 1977 525 2040 praes.
550 1959 671 2024 ceteris
695 1977 761 2023 aor.

279 2065 343 2132 Sed
366 2066 406 2132 de
429 2067 490 2131 hac
512 2084 549 2132 re
572 2067 739 2132 hactenus,
786 2065 904 2131 Liceat
927 2065 1005 2131 mihi
1031 2065 1072 2131 ad
1096 2085 1136 2132 ea
1160 2065 1345 2147 quaemihi

172 2173 324 2256 proposui
348 2175 538 2255 exponenda
562 2174 726 2256 progredi.

279 2282 433 2348 Disserui
469 2282 607 2362 primum
641 2281 681 2346 de
714 2281 755 2346 iis
792 2281 886 2363 locis,
923 2282 1043 2362 quibus
1067 2282 1101 2346 iu
1126 2282 1226 2347 rebus
1250 2299 1342 2348 enar·

171 2389 284 2455 randis
309 2388 453 2453 aoristus
478 2396 512 2452 et
534 2385 762 2469 imperfectum
786 2389 930 2470 variant,
956 2388 1073 2454 deindo
1091 2388 1131 2453 do
1147 2387 1199 2470 iis,
1224 2389 1343 2468 quibus

172 2499 206 2562 in
231 2495 343 2561 eodem
368 2495 492 2561 ombitu
515 2496 685 2562 vorborum
704 2495 877 2576 particulis
893 2493 955 2576 μὲν
972 2495 1009 2558 δέ
1024 2498 1154 2562 autaut
1169 2495 1342 2563 coniuncto

174 2623 237 2669 uua
261 2603 405 2668 aoristus
430 2610 464 2668 et
487 2603 713 2685 imperfectum
740 2603 905 2684 leguntur,
931 2611 998 2667 tum
1027 2603 1067 2668 de
1097 2603 1211 2671 verbis
1244 2604 1343 2670 eundi

172 2719 207 2777 et
232 2710 458 2791 proficiscendi
482 2707 676 2796 [praecipue
699 2710 905 2793 παρελθεῖν,
935 2705 1153 2787 ἐπανελθεῖν,
1178 2707 1341 2794 κατάγειν,

171 2814 347 2902 προάγειν,
379 2813 652 2901 σιραιοπεδεάειν
675 2827 708 2882 et
744 2819 853 2885 verbis
882 2819 1088 2901 compostum,
1115 2812 1343 2897 ἀναζευγνύειν

171 2935 205 2991 et
218 2923 291 3012 cet]
310 2934 461 3006 quartum
478 2928 517 2992 de
534 2926 642 2993 verbis
659 2925 855 3008 navigandi:
878 2925 977 2988 πλεῖν
995 2932 1028 2991 et
1045 2945 1156 3009 comp,
1175 2921 1341 3012 άπαίρειν,

170 3036 347 3117 καταίρειν.
405 3035 443 3100 In
476 3038 569 3115 parte
605 3033 748 3099 secunda
779 3032 895 3100 deinde
927 3034 1083 3100 disseram
1124 3033 1271 3114 quintum
1303 3034 1343 3100 de

171 3143 270 3209 verbo
311 3137 398 3219 ἐχειν
437 3151 470 3207 et
510 3160 647 3222 compp.:
697 3136 909 3223 ἀντέχεσθαι,
949 3134 1117 3227 άντέχειν,
1157 3146 1341 3226 προσέχειν,

171 3245 309 3327 άπέχειν
334 3258 406 3330 oct,
431 3256 557 3316 sextum
584 3248 623 3314 de
657 3251 754 3315 verbo
786 3252 936 3329 γίνεσθαι
960 3256 995 3314 et
1018 3269 1142 3332 compp.
1166 3249 1342 3332 praecipue

171 3359 423 3440 παραγίνεσθαι,
449 3353 667 3440 ἐπιγίνεσθαι,
692 3357 868 3440 septimum
893 3357 1034 3424 tractavi
1052 3359 1231 3438 composita
1248 3357 1340 3424 verbi

170 3459 303 3544 βάλλειν
314 3465 475 3545 imprimis
488 3459 741 3544 ἐπιβάλλεσθαι,
753 3461 933 3544 ἐκβάλλειν,
948 3460 1177 3549 προσβάλλειν,
1191 3472 1340 3530 octavum

170 3571 300 3634 λείπειν
323 3580 357 3636 ot
381 3590 514 3653 compp.,
540 3571 656 3636 deinde
681 3566 833 3657 ἕπεσθαι,
858 3577 1056 3635 σννέπεσθαι
1081 3573 1220 3652 denique
1238 3573 1340 3638 verta

170 3679 338 3744 occidendi
362 3680 557 3758 συμβαίνειν
581 3685 614 3746 et
637 3669 842 3760 άποβαίνειν.
