3264 5050
652 459 874 521 ..17-

178 653 274 735 cipue
299 675 397 721 causa
422 651 603 735 imperfecti
621 653 796 719 adhibendi
821 661 879 718 est.
918 650 1058 716 AtXlIl
1074 654 1127 732 70,
1145 655 1175 714 l:
1192 641 1225 720 ὃς
1242 668 1350 731 παρα-

176 755 286 842 λαβών
316 756 374 845 τὴν
405 755 510 844 α’ρχὴν
533 755 730 844 στρατιώτας
759 763 942 842 κατέγραφε
977 758 1033 820 καὶ
1064 758 1141 826 ναῦς
1164 750 1351 838 ἐπλήρωσεν

176 861 251 939 ὅσας
284 863 433 950 ἐδύνατο,
462 869 534 934 iure
564 868 709 933 dubitari
744 875 868 950 potest,
901 885 940 930 uu
966 865 1055 946 impl.
1079 860 1264 946 κατέγραφε
1287 881 1351 927 non
1424 923 1427 930 .

177 982 268 1041 reete
293 976 448 1041 traditum
474 977 527 1042 sit.
574 976 656 1040 Num
680 969 869 1056 ἐπλήρωσεν
894 973 1005 1038 eodem
1030 990 1130 1038 sensu
1155 970 1351 1034 dictumest

177 1090 277 1162 utque
301 1086 484 1165 κατέγραφε
514 1101 621 1163 neque
653 1083 729 1147 novi
765 1083 941 1162 quidquam
966 1082 1110 1147 adicitur
1134 1097 1240 1161 neque
1265 1079 1351 1143 ectio

178 1189 395 1270 progreditur.
436 1190 520 1256 Sane
552 1193 689 1256 mutatio
713 1193 900 1273 κατέγραψε
924 1188 1079 1254 facillima
1103 1195 1164 1254 est.
1205 1186 1268 1252 Sed
1293 1189 1352 1266 per

178 1314 214 1362 se
248 1299 307 1361 boc
337 1298 408 1362 loeo
440 1296 531 1377 impl.
564 1299 673 1377 aptius
708 1297 816 1362 fuerit.
864 1298 937 1361 Huc
961 1295 1097 1375 accedit,
1123 1295 1208 1375 quod
1232 1293 1351 1357 similia

178 1405 328 1484 exemplu
353 1423 416 1470 non
440 1404 570 1485 desunt,
596 1404 687 1469 velut
710 1404 796 1468 Xlll
816 1411 868 1486 80,
893 1411 924 1469 t:
948 1398 1005 1473 ταῖς
1020 1422 1057 1464 τε
1072 1397 1214 1485 τριήρεις
1231 1395 1352 1483 κατήρ-

176 1513 267 1586 τιζυν
305 1512 360 1573 καὶ
388 1506 533 1594 φορτηγὰ
568 1511 670 1574 πλοῖα
704 1507 896 1594 συνήγαγον.
944 1511 1015 1594 Quo
1050 1510 1119 1575 loco
1156 1509 1349 1588 imperfecto

177 1618 344 1684 iudicatur
389 1620 528 1684 nondum
573 1637 684 1684 omnes
724 1638 825 1686 neves
867 1619 1016 1683 triremes
1058 1624 1191 1682 ornatas
1238 1615 1350 1699 luisse,

176 1745 247 1792 cum
273 1727 441 1792 onerarias
466 1729 659 1808 coegissent.
698 1728 747 1791 Ae
770 1726 841 1790 fieri
866 1734 986 1810 potest,
1012 1735 1050 1790 ut
1073 1724 1228 1789 similiter·
1252 1740 1350 1803 supra

176 1833 404 1915 imperfectum
437 1833 586 1915 intellegi
611 1833 760 1898 voluerit.
791 1869 835 1878 ——
859 1833 907 1898 uf.
939 1839 1109 1912 praeterea
1144 1831 1225 1896 XIV
1246 1837 1295 1910 lb,
1317 1836 1351 1909 43

174 1941 255 2006 XIV
273 1947 325 2019 27,
347 1948 379 2005 l:
404 1937 436 2001 oi
459 1941 656 2023 στρατιῶται
680 1935 905 2024 ἐξεπλάγησαν
929 1939 986 2000 καὶ
1009 1934 1151 2022 ἐχώρουν
1175 1932 1221 2007 εἰς
1245 1929 1351 2018 ὅπλα,

176 2048 257 2113 XIV
284 2054 335 2130 37,
353 2052 391 2114 4:
418 2041 633 2131 ἐπεχώρησαν
656 2048 712 2109 καὶ
735 2043 940 2127 ἐπυλέμυυν;
968 2053 1039 2122 104,
1065 2053 1097 2112 l:
1123 2039 1272 2121 ἐνέζευξε
1296 2043 1352 2105 καὶ

175 2150 330 2238 σννήντα;
357 2160 434 2234 109,
461 2163 497 2220 2:
533 2155 716 2237 συνέδραμε
740 2154 795 2216 καὶ
819 2149 1027 2234 ἐθαύμαζον,
1052 2153 1115 2218 XV
1141 2158 1199 2233 52,
1226 2157 1260 2216 l:
1296 2150 1352 2212 καὶ

176 2263 474 2343 εσιρατυπέδενσαν
490 2263 544 2324 καὶ
560 2254 635 2332 τούς
655 2264 937 2344 καθυστεροῦντας
953 2252 1127 2341 (ἐνέμενον,
1151 2259 1236 2324 xlx
1250 2265 1301 2340 66,
1316 2264 1350 2322 4:

177 2369 559 2451 περιεστρατοπέδευσαν
600 2363 661 2451 τὴν
703 2365 810 2452 ἄκραν
844 2369 900 2430 καὶ
934 2361 1121 2451 προσβολὰς
1161 2363 1352 2445 έπυιυῦντυ;

177 2476 325 2541 XXXVI
350 2476 392 2540 fr.
422 2483 499 2558 15,1
529 2476 670 2560 (Dirum
694 2476 818 2559 προῆγε
853 2468 912 2557 τὴν
937 2471 1078 2554 δυ’ναμιν
1102 2475 1157 2536 καὶ
1181 2478 1353 2553 μετέπεσε.

285 2584 474 2666 Sequuntur
497 2585 526 2648 ei
550 2584 623 2666 loci,
646 2584 765 2664 quibus
782 2584 844 2648 duo
862 2582 1033 2648 enuntiata
1050 2582 1225 2664 particulis
1240 2579 1356 2660 μὲνδέ

181 2693 433 2773 coniunguntur.
469 2693 517 2756 IV
539 2699 625 2765 uti
650 2693 775 2775 legitur
799 2692 832 2757 in
857 2693 1005 2757 omnibus
1030 2692 1197 2758 codicibus
1223 2700 1354 2771 praeter

178 2800 222 2864 D:
249 2791 266 2859 ὁ
290 2797 353 2877 μὲν
376 2792 494 2871 Αἰακὸς
518 2795 689 2865 ἐπετέλεσε
712 2793 769 2870 τὰς
794 2793 888 2877 criptis
912 2800 968 2861 καὶ
991 2792 1008 2861 δ
1034 2790 1155 2878 αὐχμὸς
1171 2793 1262 2880 παρὰ
1288 2797 1351 2877 μὲν

175 2913 244 2977 τοῖς
281 2903 391 2977 ἄλλοις
429 2899 579 2991 Ἕλλησιν
618 2902 802 2986 ἐπαύσατε,
849 2902 941 2990 παρὰ
990 2905 1025 2969 δὲ
1064 2913 1132 2976 τοῖς
1170 2901 1353 2989 Ἀθηναίοις

176 3009 293 3094 μόνοις
330 3016 503 3100 διέμεινεν,
543 3016 632 3080 solus
673 3016 701 3080 D
740 3017 873 3081 exhibet
912 3016 1109 3096 διέμενενΙ).
1171 3012 1242 3096 Quo
1281 3015 1352 3079 loco

177 3123 254 3202 quid
288 3123 492 3188 scribendum
525 3123 569 3187 sit
602 3123 775 3188 diiudicari
809 3125 864 3188 vix
894 3129 1011 3204 potest.
1059 3124 1140 3188 Nem
1173 3131 1207 3186 et
1230 3122 1351 3202 imper·-

178 3229 300 3296 ieetnm
342 3237 377 3296 et
416 3231 559 3295 aoristus
598 3231 695 3296 iustis
735 3233 845 3297 causis
886 3239 997 3311 potest
1039 3229 1182 3296 defendi.
1242 3233 1352 3311 Atque

177 3339 240 3402 etsi
265 3337 297 3401 in
321 3341 382 3404 hoe
408 3340 506 3403 verbo
530 3356 608 3404 usus
633 3337 816 3420 imperfecti
842 3339 974 3404 videtur
999 3339 1212 3419 praevalere,
1243 3346 1352 3404 tamen

178 3445 333 3510 eoristum
369 3464 439 3510 eam
473 3448 512 3511 ob
544 3464 614 3511 rem
646 3446 706 3510 hoe
737 3446 808 3510 loeo
839 3446 1003 3527 expellere
1028 3466 1091 3511 non
1115 3446 1200 3510 lieet.
1247 3442 1353 3526 Quae*

176 3553 314 3618 rendum
339 3552 441 3632 igitur
464 3561 525 3622 est.
551 3572 625 3618 num
645 3554 673 3618 D
696 3554 894 3618 auctoritate
911 3554 1050 3618 codicem
1068 3554 1092 3619 O
1109 3553 1190 3619 adeo
1206 3561 1351 3635 superet,

179 3667 215 3725 ut
250 3679 289 3725 ec
320 3660 360 3725 de
391 3679 491 3726 ceusu
521 3660 670 3741 διέμενεν
701 3661 889 3744 praeferas,
922 3661 955 3725 id
980 3661 1065 3740 quod
1089 3661 1195 3726 adhuc
1219 3660 1350 3725 dubium

179 3786 252 3832 esse
277 3767 438 3834 existimo.

187 3879 238 3883 —
253 3877 391 3884 -...--.-——

287 3911 313 3974 l)
332 3909 373 3961 Ex
393 3907 510 3962 editione
528 3907 659 3962 Fridoriei
679 3909 768 3978 Vogel
788 3925 841 3963 non
862 3925 969 3976 possum
983 3925 1154 3978 cognoscere,
1176 3913 1264 3962 utrum
1279 3909 1352 3962 solus

178 3999 202 4052 D
222 4015 257 4052 an
276 4007 386 4066 praeter
406 4013 464 4052 eum
486 3997 567 4051 etium
587 3999 683 4065 reliqui
704 3998 761 4052 eius
780 3999 900 4052 familiae
921 3999 1025 4052 codices
1044 4000 1173 4073 διέμενεν
1198 3998 1351 4053 exhibeant.

179 4087 231 4141 Sed
250 4088 299 4141 hoe
317 4105 368 4140 nou
395 4088 485 4155 magni
513 4088 639 4140 momenti
666 4092 717 4141 est,
755 4087 822 4140 Nem
842 4089 865 4140 si
893 4103 982 4142 ¹uerum
1004 4097 1054 4154 est,
1074 4089 1143 4155 quod
1164 4087 1207 4140 ille
1234 4087 1354 4141 uflirmat

179 4181 217 4238 (v.
237 4193 306 4244 quee
324 4179 463 4244 proel'ulos
482 4181 524 4230 est
543 4177 560 4228 l.
574 4175 612 4242 i),
631 4192 724 4230 omnes
744 4177 792 4230 hos
811 4177 893 4230 libros
906 4177 1071 4246 imprimisA
1092 4185 1120 4232 et
1139 4179 1201 4230 Bet
1213 4193 1246 4231 ex
1259 4177 1352 4244 ipsoD

179 4273 207 4320 et
232 4283 265 4319 ex
290 4267 380 4320 codiee
408 4267 469 4320 huie
497 4265 633 4318 simillimo
657 4264 786 4332 prodisse,
816 4268 963 4342 διέμεινεν,
990 4267 1013 4320 si
1032 4267 1177 4334 legeretur,
1197 4266 1263 4319 nihil
1282 4273 1353 4320 esset

180 4355 230 4408 nisi
251 4355 401 4409 emendatio
430 4354 542 4419 librarii,
572 4355 687 4408 fortusse
715 4355 859 4408 seeundum
889 4356 986 4409 librum
1007 4357 1139 4410 secundare
1158 4355 1251 4409 classis
1269 4355 1351 4408 factu.

180 4447 303 4498 ceterum
324 4445 418 4512 opinor
444 4444 629 4511 quaestionem
649 4445 682 4497 de
701 4443 837 4498 codicibus
856 4461 908 4498 non
935 4463 992 4500 esse
1016 4445 1183 4514 ubsolumrn3
1210 4444 1353 4513 praecipue

179 4549 248 4602 quee
267 4533 337 4588 ratio
355 4533 428 4588 inter
446 4534 470 4587 D
490 4539 517 4588 et
536 4534 556 4588 C
575 4534 592 4587 i.
604 4549 627 4588 e.
646 4532 717 4587 inter
735 4532 818 4588 libros
836 4534 933 4603 prioris
953 4539 980 4590 et
990 4536 1124 4591 seeundee
1137 4533 1256 4590 lumiliee
1270 4535 1352 4590 iuter·

177 4623 265 4692 cedet,
283 4623 422 4692 perspicue
441 4623 528 4694 magis
546 4639 578 4679 ec
597 4623 726 4680 distinete
745 4624 797 4679 erit
815 4624 974 4681 eruendum.
