3264 5050
625 453 848 515 ..31-

254 640 344 708 orio:
367 643 439 711 Ind.
464 643 552 725 impl.
577 646 689 712 inveni
713 646 931 731 X1V114‚4:
964 638 1037 726 ἅμα
1060 638 1127 710 δἀἱ
1150 644 1323 730 σάλπιγγες

148 745 232 836 παρ’
266 747 463 835 ἀμφοτέροις
497 748 676 835 ἐσήμαινον
710 755 767 816 καὶ
800 749 840 816 ια
872 749 1082 837 στρατόπεδα
1111 760 1251 842 συνῇσαν
1277 753 1323 829 εἰς

148 856 258 944 μόχην
295 855 379 940 μετὰ
418 858 542 944 πολλῇς
580 863 727 944 κραυγῆς.
758 857 789 922 οἱ
819 853 1017 924 δ’ἐπίλεκται
1047 865 1112 925 πῶν
1142 864 1324 934 Κελτῶν..

149 959 267 1038 αὐτοὺς
289 961 359 1030 α’πό
382 970 446 1030 ιῶν
473 962 583 1049 λόφων
607 964 798 1052 ἐτρέψαντο.
846 968 917 1051 Quo
942 970 982 1034 de
1006 971 1197 1052 imperfecte
1227 973 1323 1051 plura

147 1095 211 1140 non
244 1075 357 1140 dicam.
403 1075 498 1140 Licet
530 1075 616 1140 enirn
645 1076 731 1140 hunc
761 1094 854 1142 usum
887 1095 928 1142 ex
957 1077 1016 1160 iis,
1048 1096 1132 1158 quoe
1161 1077 1323 1160 inprime

148 1185 258 1263 capite
312 1183 409 1248 huius
459 1182 561 1248 libelli
600 1182 780 1266 disputavi,
839 1201 1041 1266 cognoscere.
1103 1186 1191 1250 Part.
1255 1205 1321 1252 eor.

148 1290 318 1356 invenitur
355 1289 402 1354 IV
432 1297 484 1371 ill,
513 1296 544 1354 l:
583 1286 797 1362 συνελθόντες
829 1288 860 1353 oi
901 1293 966 1354 τῶν
1000 1288 1131 1356 πόλεων
1165 1286 1323 1375 ἡγεμόνες

146 1392 360 1481 ἐπηρώτησαν
375 1390 433 1460 τόν
448 1393 541 1483 θεόν,
567 1399 632 1464 XX
647 1405 698 1482 75,
711 1404 745 1464 6:
768 1393 941 1462 consilicis
962 1396 1007 1470 εἰς
1028 1395 1142 1480 λόγους
1164 1387 1322 1483 ἐπῆλθεν

146 1500 324 1588 ἄπρακτος.

257 1613 349 1678 Haec
372 1615 484 1690 habui,
508 1631 592 1694 quae
616 1615 656 1679 dc
680 1614 870 1697 compositis
895 1615 987 1681 verbi
1013 1611 1097 1678 ι’έναι
1114 1616 1320 1682 dissererem.

149 1723 299 1801 Apparet
332 1721 450 1804 igitur,
486 1732 642 1801 qnantum
674 1740 715 1787 ex
744 1723 903 1804 exemplis
936 1740 1020 1803 quae
1051 1724 1209 1806 leguntur
1244 1723 1323 1789 licet

147 1828 358 1911 concludere,
389 1847 479 1894 usum
505 1825 641 1896 Diodori
666 1830 707 1893 ab
732 1829 807 1895 eliis
830 1813 1047 1910 scriptoribus
1072 1829 1154 1895 nillil
1177 1829 1321 1898 differre.

148 1936 257 2002 Aliter
288 1953 340 2003 res
371 1954 406 2000 se
435 1937 532 2001 hebet
565 1937 597 2000 in
628 1936 739 2003 verbis
771 1955 872 2019 comp.
896 1932 1126 2002 incoronaret
1150 1942 1320 2021 παριέναι,

147 2042 187 2110 ‹le
212 2044 332 2124 quibos
355 2044 390 2110 in
414 2044 523 2125 capite
548 2053 706 2124 sequente
729 2043 877 2110 dicturus
902 2061 984 2111 snm.

420 2685 486 2753 1v.
534 2687 592 2754 De
615 2686 790 2753 ἐπανιέναι
815 2695 851 2756 et
875 2693 1040 2788 παριέναι.

255 2885 433 2952 Verborum
458 2881 635 2949 ἐπανιέναι
651 2893 687 2954 et
703 2891 860 2971 παριέναι
882 2887 1041 2968 exempla,
1067 2905 1150 2968 quae
1174 2887 1320 2952 inlibris

146 2991 281 3058 Diodori
307 2993 478 3076 legantur,
513 3012 617 3075 usque
653 2995 694 3060 ed
728 2995 914 3061 vicesimum
950 2994 1059 3060 cornia
1083 2995 1212 3077 collegi.
1259 2994 1318 3076 Eia,

145 3119 231 3180 quae
254 3099 288 3164 in
312 3101 507 3182 reliquorum
534 3101 730 3185 fragmentis
754 3103 978 3186 inveniuntur,
1004 3121 1068 3168 non
1092 3102 1222 3182 notavi,
1246 3119 1317 3166 cum

147 3207 230 3272 nihil
253 3207 330 3272 novi
354 3208 387 3273 in
420 3209 470 3275 his
503 3216 635 3276 exstare
657 3210 891 3290 cognovissem.
938 3212 987 3274 Ac
1011 3209 1127 3275 mirum
1151 3227 1230 3274 sane
1255 3217 1318 3288 esi,

145 3333 217 3380 cum
244 3315 405 3382 Diodorus
428 3317 621 3397 saepissime
644 3317 712 3384 illis
736 3318 848 3385 verbis
873 3336 953 3384 usus
975 3317 1031 3399 sit,
1057 3315 1145 3382 nullo
1169 3316 1241 3382 loco
1261 3315 1318 3380 im·

145 3422 328 3503 perlectum
361 3423 452 3490 verbi
488 3420 664 3488 ἐπανιέναι
686 3425 843 3504 reperiri,
867 3444 932 3492 uno
957 3444 987 3490 v.
1011 3427 1178 3506 παριέναι.
1225 3420 1318 3504 Quod

147 3535 183 3594 ut
215 3548 293 3595 casu
324 3531 486 3597 accidisse
518 3539 688 3615 potemus,
731 3533 803 3599 lieri
835 3551 898 3598 non
932 3537 1050 3613 potest.
1109 3530 1201 3596 Haec
1231 3531 1315 3600 enim

145 3638 248 3704 verba
282 3643 349 3703 tam
385 3657 483 3718 saepe
518 3641 693 3721 leguntur,
732 3645 769 3706 ut
801 3639 835 3704 id
872 3638 1062 3706 existimare
1105 3654 1315 3717 nequeamus.

144 3747 256 3824 Atque
279 3746 381 3812 etiam
406 3745 582 3827 participis
605 3754 641 3814 et
663 3747 821 3814 infinitivi
854 3745 1038 3830 proesentis
1073 3763 1208 3825 perrara
1239 3753 1317 3808 sunt

144 3871 252 3932 neque
284 3871 355 3918 cum
391 3853 522 3918 aoristis
557 3872 655 3919 sensu
693 3854 841 3937 protinus
873 3855 1084 3921 conveniunt.
1130 3853 1213 3916 Nam
1243 3869 1314 3916 cum

146 3977 252 4041 praes.
270 3964 429 4042 παριέναι
445 3960 609 4043 significet
627 3961 741 4043 ,adire‘
756 3962 806 4027 vel
824 3957 1083 4045 ‚prodire‘1)vel
1101 3957 1315 4042 ‚proeterire‘‚

143 4073 177 4131 et
200 4063 378 4130 ἐπανιέναι
402 4067 569 4134 interdum
599 4068 669 4136 fere
693 4070 794 4154 idem,
819 4067 904 4150 quod
928 4059 1122 4147 ἀναβαίνειν
1153 4061 1213 4145 (εἷς
1240 4083 1315 4126 τινα

252 4261 279 4330 1)
297 4261 340 4316 Sic
370 4273 474 4317 veteres
506 4262 587 4318 etiam
620 4278 698 4331 saepe
730 4263 837 4316 dicunt:
869 4262 901 4316 de
920 4259 1073 4314 oratoribus
1092 4259 1211 4324 isocr.8,
1225 4260 1268 4312 15:
1289 4260 1315 4310 ol

141 4349 186 4404 ἐπὶ
207 4347 235 4406 τὸ
254 4351 329 4425 ῥῆμα
349 4345 502 4427 παριόντες,
522 4353 688 4424 Andoc.2,2
708 4369 732 4422 a,
746 4353 779 4423 l.;
800 4369 858 4406 cum
873 4351 982 4407 notione
995 4347 1120 4404 adeundi.
1141 4347 1204 4404 Her.
1216 4347 1313 4404 11177.

140 4439 208 4495 Xen.
219 4443 270 4496 An.
281 4441 324 4497 111
337 4443 363 4514 δ,
373 4443 408 4498 48
419 4457 443 4498 a.
453 4443 471 4499 l.
