<?xml version="1.0" encoding="UTF-8"?>
<!DOCTYPE html PUBLIC "-//W3C//DTD XHTML 1.0 Transitional//EN"
    "http://www.w3.org/TR/xhtml1/DTD/xhtml1-transitional.dtd">
<html xmlns="http://www.w3.org/1999/xhtml" xml:lang="en" lang="en">
 <head>
  <title>
</title>
<meta http-equiv="Content-Type" content="text/html;charset=utf-8" />
  <meta name='ocr-system' content='tesseract 3.04.00' />
  <meta name='ocr-capabilities' content='ocr_page ocr_carea ocr_par ocr_line ocrx_word'/>
</head>
<body>
  <div class='ocr_page' id='page_1' title='image "./deelocutionedio00hultgoog_0056.png"; bbox 0 0 3306 5050; ppageno 0'>
   <div class='ocr_carea' id='block_1_1' title="bbox 656 460 878 528">
    <p class='ocr_par' dir='ltr' id='par_1_1' title="bbox 656 460 878 528">
     <span class='ocr_line' id='line_1_1' title="bbox 656 460 878 528; baseline 0 -20"><span class='ocrx_word' id='word_1_1' title='bbox 656 460 878 528; x_wconf 66' lang='lat'><em>„53.„</em></span> 
     </span>
    </p>
   </div>
   <div class='ocr_carea' id='block_1_2' title="bbox 182 650 1365 4403">
    <p class='ocr_par' dir='ltr' id='par_1_2' title="bbox 182 650 1358 1282">
     <span class='ocr_line' id='line_1_2' title="bbox 183 650 1355 745; baseline -0.007 -19"><span class='ocrx_word' id='word_1_2' title='bbox 183 681 285 745; x_wconf 79' lang='lat' dir='ltr'><strong>praes.</strong></span> <span class='ocrx_word' id='word_1_3' title='bbox 322 679 407 742; x_wconf 81' lang='lat' dir='ltr'><strong>pass.</strong></span> <span class='ocrx_word' id='word_1_4' title='bbox 439 663 597 741; x_wconf 74' lang='lat' dir='ltr'>leguntur</span> <span class='ocrx_word' id='word_1_5' title='bbox 635 659 775 740; x_wconf 73' lang='lat' dir='ltr'><em>V751‚3:</em></span> <span class='ocrx_word' id='word_1_6' title='bbox 800 654 957 721; x_wconf 79' lang='grc' dir='ltr'><em>ἐντεῦθεν</em></span> <span class='ocrx_word' id='word_1_7' title='bbox 982 650 1217 737; x_wconf 78' lang='grc' dir='ltr'><strong><em>ὁρμώμενον..</em></strong></span> <span class='ocrx_word' id='word_1_8' title='bbox 1254 671 1355 718; x_wconf 91' lang='grc' dir='ltr'><em>κατα-</em></span> 
     </span>
     <span class='ocr_line' id='line_1_3' title="bbox 183 757 1356 852; baseline -0.004 -20"><span class='ocrx_word' id='word_1_9' title='bbox 183 766 374 852; x_wconf 73' lang='grc' dir='ltr'><em>κτήσασθαι,</em></span> <span class='ocrx_word' id='word_1_10' title='bbox 399 768 449 833; x_wconf 88' lang='grc' dir='ltr'><em>ΧΙ</em></span> <span class='ocrx_word' id='word_1_11' title='bbox 461 773 513 851; x_wconf 82' lang='grc'><em>87,</em></span> <span class='ocrx_word' id='word_1_12' title='bbox 527 772 563 830; x_wconf 81' lang='grc'><em>8;</em></span> <span class='ocrx_word' id='word_1_13' title='bbox 589 761 624 827; x_wconf 78' lang='grc' dir='ltr'><em>ἐκ</em></span> <span class='ocrx_word' id='word_1_14' title='bbox 645 760 768 827; x_wconf 70' lang='grc' dir='ltr'><em>τούτων</em></span> <span class='ocrx_word' id='word_1_15' title='bbox 792 757 818 829; x_wconf 82' lang='grc' dir='ltr'><em>ό.</em></span> <span class='ocrx_word' id='word_1_16' title='bbox 843 764 1045 846; x_wconf 79' lang='grc' dir='ltr'><strong><em>διεπολέμει,</em></strong></span> <span class='ocrx_word' id='word_1_17' title='bbox 1062 771 1115 846; x_wconf 91' lang='grc'><em>68,</em></span> <span class='ocrx_word' id='word_1_18' title='bbox 1134 769 1157 827; x_wconf 91' lang='lat' dir='ltr'><em>I.</em></span> <span class='ocrx_word' id='word_1_19' title='bbox 1171 763 1235 829; x_wconf 86' lang='lat' dir='ltr'><em>XII</em></span> <span class='ocrx_word' id='word_1_20' title='bbox 1252 767 1304 843; x_wconf 84' lang='lat'><strong>54,</strong></span> <span class='ocrx_word' id='word_1_21' title='bbox 1318 770 1356 828; x_wconf 80' lang='lat'><em>4:</em></span> 
     </span>
     <span class='ocr_line' id='line_1_4' title="bbox 183 869 1355 957; baseline -0.003 -16"><span class='ocrx_word' id='word_1_22' title='bbox 183 875 346 940; x_wconf 70' lang='grc' dir='ltr'><em>ἐντεῦθεν</em></span> <span class='ocrx_word' id='word_1_23' title='bbox 369 869 396 943; x_wconf 84' lang='grc' dir='ltr'><em>ὁ.</em></span> <span class='ocrx_word' id='word_1_24' title='bbox 422 875 646 957; x_wconf 69' lang='grc' dir='ltr'><strong><em>κατέδραμον,</em></strong></span> <span class='ocrx_word' id='word_1_25' title='bbox 672 879 724 954; x_wconf 84' lang='grc'><em>63,</em></span> <span class='ocrx_word' id='word_1_26' title='bbox 739 880 767 937; x_wconf 83' lang='lat'><em>5.</em></span> <span class='ocrx_word' id='word_1_27' title='bbox 793 879 845 954; x_wconf 88' lang='lat'><strong>72,</strong></span> <span class='ocrx_word' id='word_1_28' title='bbox 859 881 888 939; x_wconf 85' lang='lat'><em>2.</em></span> <span class='ocrx_word' id='word_1_29' title='bbox 912 872 1106 954; x_wconf 83' lang='lat' dir='ltr'><strong>X11163‚3.</strong></span> <span class='ocrx_word' id='word_1_30' title='bbox 1136 879 1208 952; x_wconf 87' lang='lat'><strong>100,</strong></span> <span class='ocrx_word' id='word_1_31' title='bbox 1221 879 1250 936; x_wconf 87' lang='lat'><em>6.</em></span> <span class='ocrx_word' id='word_1_32' title='bbox 1273 873 1355 938; x_wconf 88' lang='lat' dir='ltr'><em>XIV</em></span> 
     </span>
     <span class='ocr_line' id='line_1_5' title="bbox 185 973 1358 1069; baseline -0.009 -20"><span class='ocrx_word' id='word_1_33' title='bbox 185 991 270 1069; x_wconf 69' lang='grc' dir='ltr'><em>ναν</em></span> <span class='ocrx_word' id='word_1_34' title='bbox 305 983 411 1065; x_wconf 83' lang='lat' dir='ltr'><strong>XV4,</strong></span> <span class='ocrx_word' id='word_1_35' title='bbox 433 989 455 1046; x_wconf 82' lang='lat'><em>1.</em></span> <span class='ocrx_word' id='word_1_36' title='bbox 486 987 533 1061; x_wconf 84' lang='lat'><strong>74,</strong></span> <span class='ocrx_word' id='word_1_37' title='bbox 549 988 578 1044; x_wconf 76' lang='grc' dir='ltr'><em>ο.</em></span> <span class='ocrx_word' id='word_1_38' title='bbox 604 988 657 1062; x_wconf 79' lang='lat'><strong>45,</strong></span> <span class='ocrx_word' id='word_1_39' title='bbox 674 987 701 1044; x_wconf 79' lang='grc' dir='ltr'><em>υ.</em></span> <span class='ocrx_word' id='word_1_40' title='bbox 726 980 807 1046; x_wconf 82' lang='lat' dir='ltr'><em>XVI</em></span> <span class='ocrx_word' id='word_1_41' title='bbox 822 986 873 1057; x_wconf 88' lang='lat'><em>30,</em></span> <span class='ocrx_word' id='word_1_42' title='bbox 891 987 918 1044; x_wconf 89' lang='lat'><em>2.</em></span> <span class='ocrx_word' id='word_1_43' title='bbox 941 981 1043 1045; x_wconf 78' lang='lat' dir='ltr'>XVII</span> <span class='ocrx_word' id='word_1_44' title='bbox 1059 987 1111 1064; x_wconf 87' lang='lat'><strong>26,</strong></span> <span class='ocrx_word' id='word_1_45' title='bbox 1127 987 1159 1044; x_wconf 86' lang='lat'><em>2:</em></span> <span class='ocrx_word' id='word_1_46' title='bbox 1185 973 1269 1063; x_wconf 74' lang='grc' dir='ltr'><em>ὄρσο</em></span> <span class='ocrx_word' id='word_1_47' title='bbox 1299 975 1358 1044; x_wconf 77' lang='grc' dir='ltr'><em>τὸν</em></span> 
     </span>
     <span class='ocr_line' id='line_1_6' title="bbox 182 1079 1358 1174; baseline -0.003 -21"><span class='ocrx_word' id='word_1_48' title='bbox 182 1083 362 1174; x_wconf 78' lang='grc' dir='ltr'><em>Ἐφιάλτην</em></span> <span class='ocrx_word' id='word_1_49' title='bbox 377 1083 461 1169; x_wconf 90' lang='grc' dir='ltr'><em>πρὸς</em></span> <span class='ocrx_word' id='word_1_50' title='bbox 476 1082 598 1172; x_wconf 75' lang='grc' dir='ltr'><em>αἱρετὴν</em></span> <span class='ocrx_word' id='word_1_51' title='bbox 616 1079 822 1169; x_wconf 77' lang='grc' dir='ltr'><em>ὁρμώμενον,</em></span> <span class='ocrx_word' id='word_1_52' title='bbox 840 1088 924 1153; x_wconf 89' lang='grc' dir='ltr'><em>ΧΙΧ</em></span> <span class='ocrx_word' id='word_1_53' title='bbox 943 1095 991 1163; x_wconf 90' lang='grc'><em>19,</em></span> <span class='ocrx_word' id='word_1_54' title='bbox 1006 1094 1039 1152; x_wconf 89' lang='lat'><em>2:</em></span> <span class='ocrx_word' id='word_1_55' title='bbox 1054 1084 1162 1170; x_wconf 82' lang='grc' dir='ltr'><em>ἔκρινε</em></span> <span class='ocrx_word' id='word_1_56' title='bbox 1176 1139 1181 1151; x_wconf 96' lang='grc'><em>.</em></span> <span class='ocrx_word' id='word_1_57' title='bbox 1196 1139 1203 1152; x_wconf 93' lang='grc'><strong>.</strong></span> <span class='ocrx_word' id='word_1_58' title='bbox 1227 1083 1358 1150; x_wconf 79' lang='grc' dir='ltr'><em>ἐκεῖθεν</em></span> 
     </span>
     <span class='ocr_line' id='line_1_7' title="bbox 184 1190 734 1282; baseline -0.005 -21"><span class='ocrx_word' id='word_1_59' title='bbox 184 1193 374 1282; x_wconf 76' lang='grc' dir='ltr'><em>ὁρμώμενος</em></span> <span class='ocrx_word' id='word_1_60' title='bbox 397 1190 612 1277; x_wconf 77' lang='grc' dir='ltr'><em>ἀνακτᾶσθαι,</em></span> <span class='ocrx_word' id='word_1_61' title='bbox 640 1201 690 1269; x_wconf 88' lang='lat'><strong>72,</strong></span> <span class='ocrx_word' id='word_1_62' title='bbox 706 1202 734 1258; x_wconf 90' lang='grc'><em>6.</em></span> 
     </span>
    </p>

    <p class='ocr_par' dir='ltr' id='par_1_3' title="bbox 185 1316 1361 1938">
     <span class='ocr_line' id='line_1_8' title="bbox 293 1316 1359 1403; baseline -0.004 -16"><span class='ocrx_word' id='word_1_63' title='bbox 293 1324 379 1387; x_wconf 82' lang='lat' dir='ltr'><strong>Part.</strong></span> <span class='ocrx_word' id='word_1_64' title='bbox 423 1339 531 1403; x_wconf 79' lang='lat' dir='ltr'><strong>praes.</strong></span> <span class='ocrx_word' id='word_1_65' title='bbox 571 1327 633 1385; x_wconf 82' lang='lat' dir='ltr'><strong>act.</strong></span> <span class='ocrx_word' id='word_1_66' title='bbox 673 1322 842 1385; x_wconf 76' lang='lat' dir='ltr'>inveniIur</span> <span class='ocrx_word' id='word_1_67' title='bbox 881 1320 1082 1403; x_wconf 74' lang='lat' dir='ltr'><strong>xl1112,4:</strong></span> <span class='ocrx_word' id='word_1_68' title='bbox 1112 1323 1171 1382; x_wconf 84' lang='grc' dir='ltr'><em>τοῦ</em></span> <span class='ocrx_word' id='word_1_69' title='bbox 1207 1316 1359 1402; x_wconf 77' lang='grc' dir='ltr'><em>πλήθους</em></span> 
     </span>
     <span class='ocr_line' id='line_1_9' title="bbox 185 1420 1359 1514; baseline -0.003 -21"><span class='ocrx_word' id='word_1_70' title='bbox 185 1432 406 1514; x_wconf 66' lang='grc' dir='ltr'><em>θορυβοῦντος</em></span> <span class='ocrx_word' id='word_1_71' title='bbox 442 1428 496 1489; x_wconf 80' lang='grc' dir='ltr'><em>καί</em></span> <span class='ocrx_word' id='word_1_72' title='bbox 531 1428 596 1489; x_wconf 87' lang='grc' dir='ltr'><em>τών</em></span> <span class='ocrx_word' id='word_1_73' title='bbox 631 1423 737 1489; x_wconf 83' lang='grc' dir='ltr'><em>ἄλλων</em></span> <span class='ocrx_word' id='word_1_74' title='bbox 759 1423 894 1490; x_wconf 87' lang='grc' dir='ltr'><em>πάντων</em></span> <span class='ocrx_word' id='word_1_75' title='bbox 923 1423 982 1489; x_wconf 80' lang='grc' dir='ltr'><em>ἐπὶ</em></span> <span class='ocrx_word' id='word_1_76' title='bbox 1004 1422 1060 1497; x_wconf 82' lang='grc' dir='ltr'><em>τας</em></span> <span class='ocrx_word' id='word_1_77' title='bbox 1084 1429 1162 1498; x_wconf 83' lang='grc' dir='ltr'><em>ναῦς</em></span> <span class='ocrx_word' id='word_1_78' title='bbox 1184 1420 1359 1510; x_wconf 78' lang='grc' dir='ltr'><em>ὁρμώντων</em></span> 
     </span>
     <span class='ocr_line' id='line_1_10' title="bbox 186 1529 1360 1619; baseline -0.003 -19"><span class='ocrx_word' id='word_1_79' title='bbox 186 1531 203 1599; x_wconf 91' lang='grc' dir='ltr'><em>ὁ</em></span> <span class='ocrx_word' id='word_1_80' title='bbox 228 1539 347 1607; x_wconf 84' lang='grc' dir='ltr'><em>Νικίας</em></span> <span class='ocrx_word' id='word_1_81' title='bbox 369 1529 561 1619; x_wconf 72' lang='grc' dir='ltr'><em>ἠναγκάσθη</em></span> <span class='ocrx_word' id='word_1_82' title='bbox 585 1537 795 1617; x_wconf 73' lang='grc' dir='ltr'><em>συγχωρῆσαι,</em></span> <span class='ocrx_word' id='word_1_83' title='bbox 806 1535 888 1600; x_wconf 88' lang='lat' dir='ltr'><em>XVI</em></span> <span class='ocrx_word' id='word_1_84' title='bbox 901 1541 953 1614; x_wconf 83' lang='grc'><em>54,</em></span> <span class='ocrx_word' id='word_1_85' title='bbox 971 1542 1004 1599; x_wconf 88' lang='lat' dir='ltr'><em>l:</em></span> <span class='ocrx_word' id='word_1_86' title='bbox 1030 1531 1229 1618; x_wconf 78' lang='grc' dir='ltr'><em>ἐβοήθουν..</em></span> <span class='ocrx_word' id='word_1_87' title='bbox 1254 1556 1360 1619; x_wconf 89' lang='grc' dir='ltr'><em>παρα-</em></span> 
     </span>
     <span class='ocr_line' id='line_1_11' title="bbox 186 1634 1359 1728; baseline 0.001 -22"><span class='ocrx_word' id='word_1_88' title='bbox 186 1646 362 1714; x_wconf 83' lang='grc' dir='ltr'><em>καλοῦντες</em></span> <span class='ocrx_word' id='word_1_89' title='bbox 384 1696 390 1709; x_wconf 91' lang='grc'><strong>.</strong></span> <span class='ocrx_word' id='word_1_90' title='bbox 406 1637 500 1712; x_wconf 75' lang='grc' dir='ltr'><em>,τούς</em></span> <span class='ocrx_word' id='word_1_91' title='bbox 515 1637 572 1704; x_wconf 80' lang='grc' dir='ltr'><em>ἐπὶ</em></span> <span class='ocrx_word' id='word_1_92' title='bbox 587 1635 647 1724; x_wconf 78' lang='grc' dir='ltr'><em>τὴν</em></span> <span class='ocrx_word' id='word_1_93' title='bbox 663 1642 842 1724; x_wconf 81' lang='grc' dir='ltr'><em>προδοσίαν</em></span> <span class='ocrx_word' id='word_1_94' title='bbox 859 1634 1028 1724; x_wconf 80' lang='grc' dir='ltr'><em>ὁρμῶντας</em></span> <span class='ocrx_word' id='word_1_95' title='bbox 1043 1638 1180 1728; x_wconf 77' lang='grc' dir='ltr'><em>θανάτῳ</em></span> <span class='ocrx_word' id='word_1_96' title='bbox 1196 1638 1359 1720; x_wconf 82' lang='grc' dir='ltr'><em>κολάζειν.</em></span> 
     </span>
     <span class='ocr_line' id='line_1_12' title="bbox 187 1748 1361 1832; baseline -0.003 -14"><span class='ocrx_word' id='word_1_97' title='bbox 187 1755 353 1832; x_wconf 80' lang='lat' dir='ltr'><strong>Attamen,</strong></span> <span class='ocrx_word' id='word_1_98' title='bbox 388 1752 452 1816; x_wconf 85' lang='lat' dir='ltr'>etsi</span> <span class='ocrx_word' id='word_1_99' title='bbox 483 1769 560 1815; x_wconf 75' lang='lat' dir='ltr'><strong>rara</strong></span> <span class='ocrx_word' id='word_1_100' title='bbox 589 1756 666 1815; x_wconf 83' lang='lat' dir='ltr'>sunt</span> <span class='ocrx_word' id='word_1_101' title='bbox 689 1749 786 1814; x_wconf 89' lang='lat' dir='ltr'>huius</span> <span class='ocrx_word' id='word_1_102' title='bbox 815 1748 981 1830; x_wconf 79' lang='lat' dir='ltr'>participii</span> <span class='ocrx_word' id='word_1_103' title='bbox 1014 1752 1173 1832; x_wconf 79' lang='lat' dir='ltr'><strong>exempla,</strong></span> <span class='ocrx_word' id='word_1_104' title='bbox 1207 1757 1286 1831; x_wconf 82' lang='lat' dir='ltr'>puto</span> <span class='ocrx_word' id='word_1_105' title='bbox 1321 1769 1361 1815; x_wconf 80' lang='grc' dir='ltr'><em>ευ</em></span> 
     </span>
     <span class='ocr_line' id='line_1_13' title="bbox 188 1855 1172 1938; baseline -0.002 -14"><span class='ocrx_word' id='word_1_106' title='bbox 188 1859 357 1925; x_wconf 80' lang='lat' dir='ltr'>retinenda</span> <span class='ocrx_word' id='word_1_107' title='bbox 381 1875 464 1938; x_wconf 82' lang='lat' dir='ltr'><strong>esse,</strong></span> <span class='ocrx_word' id='word_1_108' title='bbox 490 1859 518 1922; x_wconf 86' lang='lat' dir='ltr'><em>si</em></span> <span class='ocrx_word' id='word_1_109' title='bbox 542 1874 660 1922; x_wconf 80' lang='lat' dir='ltr'>revera</span> <span class='ocrx_word' id='word_1_110' title='bbox 684 1856 716 1921; x_wconf 91' lang='lat' dir='ltr'><em>in</em></span> <span class='ocrx_word' id='word_1_111' title='bbox 739 1855 835 1920; x_wconf 77' lang='lat' dir='ltr'>libris</span> <span class='ocrx_word' id='word_1_112' title='bbox 858 1875 914 1922; x_wconf 87' lang='lat' dir='ltr'><em>ms.</em></span> <span class='ocrx_word' id='word_1_113' title='bbox 940 1856 1063 1921; x_wconf 81' lang='lat' dir='ltr'><strong>tradita</strong></span> <span class='ocrx_word' id='word_1_114' title='bbox 1088 1865 1172 1924; x_wconf 75' lang='lat' dir='ltr'>sunt.</span> 
     </span>
    </p>

    <p class='ocr_par' dir='ltr' id='par_1_4' title="bbox 186 1961 1365 4403">
     <span class='ocr_line' id='line_1_14' title="bbox 263 1961 1360 2048; baseline 0 -19"><span class='ocrx_word' id='word_1_115' title='bbox 263 2041 265 2048; x_wconf 42' lang='grc'><em>,</em></span> <span class='ocrx_word' id='word_1_116' title='bbox 293 1965 364 2031; x_wconf 85' lang='lat' dir='ltr'>Iud.</span> <span class='ocrx_word' id='word_1_117' title='bbox 389 1984 473 2038; x_wconf 76' lang='grc' dir='ltr'><em>σου..</em></span> <span class='ocrx_word' id='word_1_118' title='bbox 505 1970 543 2029; x_wconf 79' lang='lat' dir='ltr'><em>ut</em></span> <span class='ocrx_word' id='word_1_119' title='bbox 572 1982 671 2044; x_wconf 77' lang='lat' dir='ltr'>supra</span> <span class='ocrx_word' id='word_1_120' title='bbox 702 1963 862 2042; x_wconf 69' lang='lat' dir='ltr'><strong>dixinInS,</strong></span> <span class='ocrx_word' id='word_1_121' title='bbox 896 1961 1002 2029; x_wconf 81' lang='lat' dir='ltr'><strong>forma</strong></span> <span class='ocrx_word' id='word_1_122' title='bbox 1025 1971 1154 2030; x_wconf 81' lang='lat' dir='ltr'><strong>tantum</strong></span> <span class='ocrx_word' id='word_1_123' title='bbox 1180 1966 1282 2032; x_wconf 75' lang='lat' dir='ltr'>activi</span> <span class='ocrx_word' id='word_1_124' title='bbox 1307 1984 1360 2030; x_wconf 85' lang='lat' dir='ltr'><em>ex·</em></span> 
     </span>
     <span class='ocr_line' id='line_1_15' title="bbox 188 2068 1362 2154; baseline -0.004 -16"><span class='ocrx_word' id='word_1_125' title='bbox 188 2090 320 2154; x_wconf 81' lang='lat' dir='ltr'>prossus</span> <span class='ocrx_word' id='word_1_126' title='bbox 353 2073 483 2154; x_wconf 78' lang='lat' dir='ltr'><strong>legitur,</strong></span> <span class='ocrx_word' id='word_1_127' title='bbox 517 2070 608 2136; x_wconf 79' lang='lat' dir='ltr'>velut</span> <span class='ocrx_word' id='word_1_128' title='bbox 651 2069 837 2151; x_wconf 66' lang='lat'><strong>711213,</strong></span> <span class='ocrx_word' id='word_1_129' title='bbox 856 2077 902 2134; x_wconf 89' lang='grc'><em>1;.</em></span> <span class='ocrx_word' id='word_1_130' title='bbox 932 2075 1293 2154; x_wconf 81' lang='grc' dir='ltr'><em>κατατραυματίσαντες</em></span> <span class='ocrx_word' id='word_1_131' title='bbox 1316 2068 1362 2143; x_wconf 84' lang='grc' dir='ltr'><em>εἰς</em></span> 
     </span>
     <span class='ocr_line' id='line_1_16' title="bbox 187 2169 1363 2264; baseline -0.003 -21"><span class='ocrx_word' id='word_1_132' title='bbox 187 2175 292 2264; x_wconf 79' lang='grc' dir='ltr'><em>φυγὴν</em></span> <span class='ocrx_word' id='word_1_133' title='bbox 316 2169 482 2262; x_wconf 77' lang='grc' dir='ltr'><em>ὥρμησαν,</em></span> <span class='ocrx_word' id='word_1_134' title='bbox 509 2177 589 2241; x_wconf 84' lang='lat' dir='ltr'>VIII</span> <span class='ocrx_word' id='word_1_135' title='bbox 602 2177 642 2243; x_wconf 81' lang='lat' dir='ltr'><em>fr.</em></span> <span class='ocrx_word' id='word_1_136' title='bbox 657 2183 693 2241; x_wconf 92' lang='lat'><em>3:</em></span> <span class='ocrx_word' id='word_1_137' title='bbox 719 2169 872 2262; x_wconf 77' lang='grc' dir='ltr'><em>ὁὸρμησαν</em></span> <span class='ocrx_word' id='word_1_138' title='bbox 895 2174 953 2240; x_wconf 75' lang='grc' dir='ltr'><em>ἐπὶ</em></span> <span class='ocrx_word' id='word_1_139' title='bbox 975 2171 1015 2240; x_wconf 87' lang='grc' dir='ltr'><em>τά</em></span> <span class='ocrx_word' id='word_1_140' title='bbox 1031 2177 1179 2258; x_wconf 87' lang='grc' dir='ltr'><em>βασίλεια</em></span> <span class='ocrx_word' id='word_1_141' title='bbox 1196 2179 1252 2242; x_wconf 81' lang='grc' dir='ltr'><em>καὶ</em></span> <span class='ocrx_word' id='word_1_142' title='bbox 1273 2175 1363 2249; x_wconf 79' lang='grc' dir='ltr'><em>ἐντὸς</em></span> 
     </span>
     <span class='ocr_line' id='line_1_17' title="bbox 186 2277 1362 2373; baseline 0.001 -24"><span class='ocrx_word' id='word_1_143' title='bbox 186 2290 250 2349; x_wconf 82' lang='grc' dir='ltr'><em>τῶν</em></span> <span class='ocrx_word' id='word_1_144' title='bbox 280 2289 393 2369; x_wconf 85' lang='grc' dir='ltr'><em>θορών</em></span> <span class='ocrx_word' id='word_1_145' title='bbox 426 2280 647 2366; x_wconf 85' lang='grc' dir='ltr'><em>εἰσεβιάσαντο</em></span> <span class='ocrx_word' id='word_1_146' title='bbox 679 2285 734 2346; x_wconf 81' lang='grc' dir='ltr'><em>καὶ</em></span> <span class='ocrx_word' id='word_1_147' title='bbox 764 2278 839 2355; x_wconf 83' lang='grc' dir='ltr'><em>τσὸς</em></span> <span class='ocrx_word' id='word_1_148' title='bbox 870 2277 1109 2366; x_wconf 79' lang='grc' dir='ltr'><em>ὑφισταμένους</em></span> <span class='ocrx_word' id='word_1_149' title='bbox 1132 2281 1286 2373; x_wconf 74' lang='grc' dir='ltr'><em>α’νῄρουν,</em></span> <span class='ocrx_word' id='word_1_150' title='bbox 1311 2280 1362 2350; x_wconf 75' lang='grc' dir='ltr'><em>ὁσ-</em></span> 
     </span>
     <span class='ocr_line' id='line_1_18' title="bbox 187 2383 1361 2480; baseline 0.003 -24"><span class='ocrx_word' id='word_1_151' title='bbox 187 2414 283 2475; x_wconf 88' lang='grc' dir='ltr'><em>τερον</em></span> <span class='ocrx_word' id='word_1_152' title='bbox 307 2390 414 2456; x_wconf 78' lang='grc' dir='ltr'><em>δὲκαὶ</em></span> <span class='ocrx_word' id='word_1_153' title='bbox 438 2383 539 2454; x_wconf 83' lang='grc' dir='ltr'><em>αάτὸν</em></span> <span class='ocrx_word' id='word_1_154' title='bbox 560 2387 618 2454; x_wconf 91' lang='grc' dir='ltr'><em>τὸν</em></span> <span class='ocrx_word' id='word_1_155' title='bbox 636 2383 792 2473; x_wconf 76' lang='grc' dir='ltr'><em>Ἀμόλιον,</em></span> <span class='ocrx_word' id='word_1_156' title='bbox 820 2394 874 2458; x_wconf 72' lang='grc' dir='ltr'><em>1;σὸ</em></span> <span class='ocrx_word' id='word_1_157' title='bbox 892 2393 983 2474; x_wconf 84' lang='lat' dir='ltr'>Impf.</span> <span class='ocrx_word' id='word_1_158' title='bbox 1002 2384 1144 2480; x_wconf 80' lang='grc' dir='ltr'><em>άνηροσν</em></span> <span class='ocrx_word' id='word_1_159' title='bbox 1160 2394 1361 2480; x_wconf 80' lang='lat' dir='ltr'>iterativum,</span> 
     </span>
     <span class='ocr_line' id='line_1_19' title="bbox 189 2498 1361 2582; baseline 0.003 -18"><span class='ocrx_word' id='word_1_160' title='bbox 189 2500 272 2582; x_wconf 80' lang='lat' dir='ltr'>quod</span> <span class='ocrx_word' id='word_1_161' title='bbox 297 2500 425 2582; x_wconf 70' lang='grc' dir='ltr'><em>ἀίσσον,</em></span> <span class='ocrx_word' id='word_1_162' title='bbox 451 2498 707 2582; x_wconf 76' lang='lat' dir='ltr'>intellegendum</span> <span class='ocrx_word' id='word_1_163' title='bbox 735 2508 801 2563; x_wconf 77' lang='lat' dir='ltr'>est:</span> <span class='ocrx_word' id='word_1_164' title='bbox 826 2501 974 2580; x_wconf 87' lang='lat' dir='ltr'>quemvis</span> <span class='ocrx_word' id='word_1_165' title='bbox 999 2501 1212 2566; x_wconf 84' lang='lat' dir='ltr'>obsistentem</span> <span class='ocrx_word' id='word_1_166' title='bbox 1236 2503 1361 2568; x_wconf 82' lang='lat' dir='ltr'>occide·</span> 
     </span>
     <span class='ocr_line' id='line_1_20' title="bbox 191 2606 1361 2692; baseline 0.003 -21"><span class='ocrx_word' id='word_1_167' title='bbox 191 2612 277 2672; x_wconf 83' lang='lat' dir='ltr'><strong>bant.</strong></span> <span class='ocrx_word' id='word_1_168' title='bbox 325 2607 401 2672; x_wconf 81' lang='lat' dir='ltr'><strong>Alia</strong></span> <span class='ocrx_word' id='word_1_169' title='bbox 433 2609 581 2686; x_wconf 80' lang='lat' dir='ltr'>exempla</span> <span class='ocrx_word' id='word_1_170' title='bbox 611 2608 821 2686; x_wconf 76' lang='lat' dir='ltr'>reperIuntur</span> <span class='ocrx_word' id='word_1_171' title='bbox 851 2606 918 2672; x_wconf 88' lang='lat' dir='ltr'><em>Xf.</em></span> <span class='ocrx_word' id='word_1_172' title='bbox 934 2613 1031 2689; x_wconf 80' lang='lat'><strong>20,1.</strong></span> <span class='ocrx_word' id='word_1_173' title='bbox 1064 2608 1225 2692; x_wconf 82' lang='lat' dir='ltr'><strong>X131,2.</strong></span> <span class='ocrx_word' id='word_1_174' title='bbox 1264 2616 1361 2692; x_wconf 47' lang='lat'><strong>3774.</strong></span> 
     </span>
     <span class='ocr_line' id='line_1_21' title="bbox 190 2705 1362 2799; baseline 0.002 -23"><span class='ocrx_word' id='word_1_175' title='bbox 190 2721 292 2793; x_wconf 79' lang='lat'><strong>774,1;</strong></span> <span class='ocrx_word' id='word_1_176' title='bbox 311 2719 417 2789; x_wconf 79' lang='lat'><strong>67‚6:</strong></span> <span class='ocrx_word' id='word_1_177' title='bbox 443 2709 474 2774; x_wconf 82' lang='grc' dir='ltr'><em>οἱ</em></span> <span class='ocrx_word' id='word_1_178' title='bbox 496 2708 693 2796; x_wconf 84' lang='grc' dir='ltr'><em>Συρακόσιοι</em></span> <span class='ocrx_word' id='word_1_179' title='bbox 718 2705 754 2775; x_wconf 78' lang='grc' dir='ltr'><em>ὁὸ.</em></span> <span class='ocrx_word' id='word_1_180' title='bbox 780 2710 839 2775; x_wconf 81' lang='grc' dir='ltr'><em>ἐπὶ</em></span> <span class='ocrx_word' id='word_1_181' title='bbox 861 2708 920 2796; x_wconf 78' lang='grc' dir='ltr'><em>τὴν</em></span> <span class='ocrx_word' id='word_1_182' title='bbox 944 2709 1120 2778; x_wconf 82' lang='grc' dir='ltr'><em>κατάλυσιν</em></span> <span class='ocrx_word' id='word_1_183' title='bbox 1142 2717 1198 2798; x_wconf 80' lang='grc' dir='ltr'><em>τῆς</em></span> <span class='ocrx_word' id='word_1_184' title='bbox 1212 2719 1362 2799; x_wconf 88' lang='grc' dir='ltr'><em>τυραννί-</em></span> 
     </span>
     <span class='ocr_line' id='line_1_22' title="bbox 188 2811 1363 2904; baseline 0.003 -21"><span class='ocrx_word' id='word_1_185' title='bbox 188 2822 250 2903; x_wconf 87' lang='grc' dir='ltr'><em>ὁος,</em></span> <span class='ocrx_word' id='word_1_186' title='bbox 277 2825 329 2902; x_wconf 87' lang='grc'><em>69,</em></span> <span class='ocrx_word' id='word_1_187' title='bbox 346 2827 378 2883; x_wconf 85' lang='lat'><em>2:</em></span> <span class='ocrx_word' id='word_1_188' title='bbox 419 2813 478 2882; x_wconf 87' lang='grc' dir='ltr'><em>τὸν</em></span> <span class='ocrx_word' id='word_1_189' title='bbox 524 2815 649 2902; x_wconf 82' lang='grc' dir='ltr'><em>Ξέρξην</em></span> <span class='ocrx_word' id='word_1_190' title='bbox 688 2813 813 2882; x_wconf 85' lang='grc' dir='ltr'><em>άνελιὸν</em></span> <span class='ocrx_word' id='word_1_191' title='bbox 853 2811 886 2886; x_wconf 78' lang='grc' dir='ltr'><em>ὁὸ,</em></span> <span class='ocrx_word' id='word_1_192' title='bbox 924 2816 982 2882; x_wconf 76' lang='grc' dir='ltr'><em>ἐπὶ</em></span> <span class='ocrx_word' id='word_1_193' title='bbox 1016 2816 1091 2891; x_wconf 81' lang='grc' dir='ltr'><em>τούς</em></span> <span class='ocrx_word' id='word_1_194' title='bbox 1125 2823 1184 2884; x_wconf 84' lang='grc' dir='ltr'><em>τοῦ</em></span> <span class='ocrx_word' id='word_1_195' title='bbox 1206 2823 1363 2904; x_wconf 85' lang='grc' dir='ltr'><em>βασιλέως</em></span> 
     </span>
     <span class='ocr_line' id='line_1_23' title="bbox 187 2920 1360 3012; baseline 0.002 -22"><span class='ocrx_word' id='word_1_196' title='bbox 187 2929 317 3003; x_wconf 82' lang='grc' dir='ltr'><em>παῖδας,</em></span> <span class='ocrx_word' id='word_1_197' title='bbox 344 2933 395 3002; x_wconf 86' lang='grc'><em>74,</em></span> <span class='ocrx_word' id='word_1_198' title='bbox 410 2933 445 2992; x_wconf 88' lang='lat'><em>3:</em></span> <span class='ocrx_word' id='word_1_199' title='bbox 470 2920 506 2988; x_wconf 86' lang='grc' dir='ltr'><em>τό</em></span> <span class='ocrx_word' id='word_1_200' title='bbox 531 2921 650 2988; x_wconf 83' lang='grc' dir='ltr'><em>λοιπόν</em></span> <span class='ocrx_word' id='word_1_201' title='bbox 674 2926 803 3010; x_wconf 77' lang='grc' dir='ltr'><em>πλῆθος</em></span> <span class='ocrx_word' id='word_1_202' title='bbox 815 2920 897 3009; x_wconf 83' lang='grc' dir='ltr'><em>πρὸς</em></span> <span class='ocrx_word' id='word_1_203' title='bbox 913 2922 1019 3012; x_wconf 78' lang='grc' dir='ltr'><em>φυγὴν</em></span> <span class='ocrx_word' id='word_1_204' title='bbox 1036 2920 1171 3012; x_wconf 82' lang='grc' dir='ltr'><em>ὥρμησε,</em></span> <span class='ocrx_word' id='word_1_205' title='bbox 1187 2929 1256 2995; x_wconf 88' lang='lat' dir='ltr'><em>XII</em></span> <span class='ocrx_word' id='word_1_206' title='bbox 1269 2934 1360 3011; x_wconf 87' lang='lat'><strong>41,7:</strong></span> 
     </span>
     <span class='ocr_line' id='line_1_24' title="bbox 189 3027 1364 3120; baseline 0 -22"><span class='ocrx_word' id='word_1_207' title='bbox 189 3030 380 3114; x_wconf 75' lang='grc' dir='ltr'><em>πειθόμενοι</em></span> <span class='ocrx_word' id='word_1_208' title='bbox 404 3027 443 3096; x_wconf 85' lang='grc' dir='ltr'><em>τά</em></span> <span class='ocrx_word' id='word_1_209' title='bbox 469 3029 695 3116; x_wconf 77' lang='grc' dir='ltr'><em>συμβεβηκότα</em></span> <span class='ocrx_word' id='word_1_210' title='bbox 713 3036 914 3117; x_wconf 80' lang='grc' dir='ltr'><em>παραχρῆμα</em></span> <span class='ocrx_word' id='word_1_211' title='bbox 930 3035 1099 3118; x_wconf 81' lang='grc' dir='ltr'><em>πανδημεὶ</em></span> <span class='ocrx_word' id='word_1_212' title='bbox 1115 3031 1197 3098; x_wconf 88' lang='grc' dir='ltr'><em>κατά</em></span> <span class='ocrx_word' id='word_1_213' title='bbox 1216 3031 1364 3120; x_wconf 78' lang='grc' dir='ltr'><em>σπουδὴν</em></span> 
     </span>
     <span class='ocr_line' id='line_1_25' title="bbox 188 3134 1364 3226; baseline 0.003 -23"><span class='ocrx_word' id='word_1_214' title='bbox 188 3134 277 3224; x_wconf 83' lang='grc' dir='ltr'><em>ὥρμ,</em></span> <span class='ocrx_word' id='word_1_215' title='bbox 324 3141 409 3206; x_wconf 90' lang='lat' dir='ltr'>XIII</span> <span class='ocrx_word' id='word_1_216' title='bbox 424 3144 472 3217; x_wconf 84' lang='lat'><strong>10,</strong></span> <span class='ocrx_word' id='word_1_217' title='bbox 488 3147 521 3204; x_wconf 85' lang='grc'><em>8;</em></span> <span class='ocrx_word' id='word_1_218' title='bbox 545 3136 742 3221; x_wconf 87' lang='grc' dir='ltr'><em>θλιβόμενοι</em></span> <span class='ocrx_word' id='word_1_219' title='bbox 773 3139 990 3219; x_wconf 85' lang='grc' dir='ltr'><em>πανταχόθεν</em></span> <span class='ocrx_word' id='word_1_220' title='bbox 1012 3139 1044 3203; x_wconf 78' lang='grc' dir='ltr'><em>οἱ</em></span> <span class='ocrx_word' id='word_1_221' title='bbox 1075 3137 1240 3226; x_wconf 78' lang='grc' dir='ltr'><em>Ἀθηναῖοι</em></span> <span class='ocrx_word' id='word_1_222' title='bbox 1279 3138 1364 3224; x_wconf 82' lang='grc' dir='ltr'><em>πρὸς</em></span> 
     </span>
     <span class='ocr_line' id='line_1_26' title="bbox 189 3240 1363 3334; baseline 0.003 -22"><span class='ocrx_word' id='word_1_223' title='bbox 189 3242 293 3332; x_wconf 78' lang='grc' dir='ltr'><em>φυγὴν</em></span> <span class='ocrx_word' id='word_1_224' title='bbox 316 3240 364 3324; x_wconf 75' lang='lat'><em>3,</em></span> <span class='ocrx_word' id='word_1_225' title='bbox 403 3253 505 3329; x_wconf 78' lang='lat'><strong>51,5:</strong></span> <span class='ocrx_word' id='word_1_226' title='bbox 557 3241 710 3331; x_wconf 80' lang='grc' dir='ltr'><em>ὥρμησαν</em></span> <span class='ocrx_word' id='word_1_227' title='bbox 760 3251 932 3333; x_wconf 76' lang='grc' dir='ltr'><em>βοηθῆσαι,</em></span> <span class='ocrx_word' id='word_1_228' title='bbox 974 3255 1077 3330; x_wconf 82' lang='grc'><em>51,6;</em></span> <span class='ocrx_word' id='word_1_229' title='bbox 1118 3247 1162 3321; x_wconf 83' lang='grc' dir='ltr'><em>εἰς</em></span> <span class='ocrx_word' id='word_1_230' title='bbox 1197 3247 1305 3334; x_wconf 78' lang='grc' dir='ltr'><em>φυγὴν</em></span> <span class='ocrx_word' id='word_1_231' title='bbox 1328 3243 1363 3316; x_wconf 77' lang='grc' dir='ltr'><em>ὁὸ.</em></span> 
     </span>
     <span class='ocr_line' id='line_1_27' title="bbox 190 3345 1362 3444; baseline -0.002 -23"><span class='ocrx_word' id='word_1_232' title='bbox 190 3362 242 3436; x_wconf 71' lang='grc'><em>6),</em></span> <span class='ocrx_word' id='word_1_233' title='bbox 259 3362 285 3420; x_wconf 89' lang='lat'><em>7.</em></span> <span class='ocrx_word' id='word_1_234' title='bbox 312 3360 411 3436; x_wconf 78' lang='grc'><em>91,6;</em></span> <span class='ocrx_word' id='word_1_235' title='bbox 436 3353 574 3438; x_wconf 79' lang='grc' dir='ltr'><em>Διοκλῆς</em></span> <span class='ocrx_word' id='word_1_236' title='bbox 609 3345 643 3418; x_wconf 75' lang='grc' dir='ltr'><em>ὁὶ.</em></span> <span class='ocrx_word' id='word_1_237' title='bbox 679 3349 734 3416; x_wconf 76' lang='grc' dir='ltr'><em>ἐπ’</em></span> <span class='ocrx_word' id='word_1_238' title='bbox 770 3352 855 3416; x_wconf 85' lang='grc' dir='ltr'><em>οἴκοι</em></span> <span class='ocrx_word' id='word_1_239' title='bbox 889 3350 949 3439; x_wconf 82' lang='grc' dir='ltr'><em>την</em></span> <span class='ocrx_word' id='word_1_240' title='bbox 987 3359 1130 3437; x_wconf 81' lang='grc' dir='ltr'><em>πορείαν</em></span> <span class='ocrx_word' id='word_1_241' title='bbox 1153 3354 1362 3444; x_wconf 88' lang='grc' dir='ltr'><em>πσιοόμενος,</em></span> 
     </span>
     <span class='ocr_line' id='line_1_28' title="bbox 190 3455 1363 3549; baseline 0 -21"><span class='ocrx_word' id='word_1_242' title='bbox 190 3470 293 3546; x_wconf 87' lang='grc'><em>63,6;</em></span> <span class='ocrx_word' id='word_1_243' title='bbox 318 3457 493 3541; x_wconf 80' lang='grc' dir='ltr'><em>α’πστσχιὸν</em></span> <span class='ocrx_word' id='word_1_244' title='bbox 521 3455 554 3526; x_wconf 79' lang='grc' dir='ltr'><em>ὁὸ,</em></span> <span class='ocrx_word' id='word_1_245' title='bbox 590 3458 645 3525; x_wconf 79' lang='grc' dir='ltr'><em>διὰ</em></span> <span class='ocrx_word' id='word_1_246' title='bbox 679 3465 734 3544; x_wconf 78' lang='grc' dir='ltr'><em>τῆς</em></span> <span class='ocrx_word' id='word_1_247' title='bbox 768 3466 948 3545; x_wconf 82' lang='grc' dir='ltr'><em>μεσογείου,</em></span> <span class='ocrx_word' id='word_1_248' title='bbox 987 3466 1087 3546; x_wconf 79' lang='grc'><em>73,9;</em></span> <span class='ocrx_word' id='word_1_249' title='bbox 1126 3460 1212 3545; x_wconf 91' lang='grc' dir='ltr'><em>πρὸς</em></span> <span class='ocrx_word' id='word_1_250' title='bbox 1246 3461 1363 3549; x_wconf 83' lang='grc' dir='ltr'><em>μάχην,</em></span> 
     </span>
     <span class='ocr_line' id='line_1_29' title="bbox 191 3561 1363 3656; baseline -0.001 -19"><span class='ocrx_word' id='word_1_251' title='bbox 191 3578 242 3654; x_wconf 83' lang='lat'><strong>75,</strong></span> <span class='ocrx_word' id='word_1_252' title='bbox 258 3577 293 3635; x_wconf 90' lang='lat'><em>2:</em></span> <span class='ocrx_word' id='word_1_253' title='bbox 319 3561 351 3636; x_wconf 80' lang='grc' dir='ltr'><em>ὥ.</em></span> <span class='ocrx_word' id='word_1_254' title='bbox 376 3567 411 3633; x_wconf 74' lang='grc' dir='ltr'><em>εκ</em></span> <span class='ocrx_word' id='word_1_255' title='bbox 436 3570 662 3653; x_wconf 73' lang='grc' dir='ltr'><em>Σελινοῦντος,</em></span> <span class='ocrx_word' id='word_1_256' title='bbox 691 3576 740 3650; x_wconf 85' lang='lat'><strong>75,</strong></span> <span class='ocrx_word' id='word_1_257' title='bbox 757 3576 784 3632; x_wconf 84' lang='grc' dir='ltr'><em>υ.</em></span> <span class='ocrx_word' id='word_1_258' title='bbox 811 3576 862 3653; x_wconf 85' lang='lat'><strong>76,</strong></span> <span class='ocrx_word' id='word_1_259' title='bbox 878 3577 907 3635; x_wconf 82' lang='grc' dir='ltr'><em>ε.</em></span> <span class='ocrx_word' id='word_1_260' title='bbox 938 3574 1061 3650; x_wconf 67' lang='lat'><strong>7024:</strong></span> <span class='ocrx_word' id='word_1_261' title='bbox 1085 3567 1138 3633; x_wconf 78' lang='grc' dir='ltr'><em>σιὰ</em></span> <span class='ocrx_word' id='word_1_262' title='bbox 1154 3575 1210 3655; x_wconf 71' lang='grc' dir='ltr'><em>τῆς</em></span> <span class='ocrx_word' id='word_1_263' title='bbox 1226 3568 1363 3656; x_wconf 75' lang='grc' dir='ltr'><em>πόλεως,</em></span> 
     </span>
     <span class='ocr_line' id='line_1_30' title="bbox 190 3672 1364 3765; baseline 0 -21"><span class='ocrx_word' id='word_1_264' title='bbox 190 3680 270 3744; x_wconf 74' lang='lat' dir='ltr'><em>XIV</em></span> <span class='ocrx_word' id='word_1_265' title='bbox 286 3685 337 3762; x_wconf 94' lang='lat'><strong>22,</strong></span> <span class='ocrx_word' id='word_1_266' title='bbox 353 3687 380 3742; x_wconf 94' lang='lat'><em>2.</em></span> <span class='ocrx_word' id='word_1_267' title='bbox 406 3685 457 3759; x_wconf 85' lang='lat'><em>23,</em></span> <span class='ocrx_word' id='word_1_268' title='bbox 474 3686 501 3742; x_wconf 87' lang='grc' dir='ltr'><em>ο.</em></span> <span class='ocrx_word' id='word_1_269' title='bbox 535 3684 620 3756; x_wconf 77' lang='lat'><strong>27,2</strong></span> <span class='ocrx_word' id='word_1_270' title='bbox 654 3677 704 3742; x_wconf 77' lang='lat' dir='ltr'><em>bis</em></span> <span class='ocrx_word' id='word_1_271' title='bbox 735 3683 786 3752; x_wconf 87' lang='lat'><strong>25,</strong></span> <span class='ocrx_word' id='word_1_272' title='bbox 800 3684 830 3741; x_wconf 83' lang='lat'><em>8.</em></span> <span class='ocrx_word' id='word_1_273' title='bbox 862 3683 914 3759; x_wconf 83' lang='lat'><strong>26,</strong></span> <span class='ocrx_word' id='word_1_274' title='bbox 933 3684 958 3743; x_wconf 87' lang='lat'><em>7.</em></span> <span class='ocrx_word' id='word_1_275' title='bbox 984 3683 1035 3754; x_wconf 85' lang='lat'><em>33,</em></span> <span class='ocrx_word' id='word_1_276' title='bbox 1051 3686 1080 3744; x_wconf 90' lang='lat'><em>2.</em></span> <span class='ocrx_word' id='word_1_277' title='bbox 1108 3685 1209 3761; x_wconf 86' lang='lat'><strong>37,1:</strong></span> <span class='ocrx_word' id='word_1_278' title='bbox 1234 3672 1364 3765; x_wconf 77' lang='grc' dir='ltr'><em>ὥρμησε</em></span> 
     </span>
     <span class='ocr_line' id='line_1_31' title="bbox 191 3778 1364 3870; baseline 0.002 -21"><span class='ocrx_word' id='word_1_279' title='bbox 191 3781 394 3869; x_wconf 79' lang='grc' dir='ltr'><em>πολεμήσων,</em></span> <span class='ocrx_word' id='word_1_280' title='bbox 420 3791 473 3866; x_wconf 83' lang='lat'><em>43,</em></span> <span class='ocrx_word' id='word_1_281' title='bbox 487 3788 516 3848; x_wconf 86' lang='lat'><em>4.</em></span> <span class='ocrx_word' id='word_1_282' title='bbox 542 3791 595 3866; x_wconf 81' lang='grc'><em>53,</em></span> <span class='ocrx_word' id='word_1_283' title='bbox 610 3789 645 3848; x_wconf 92' lang='lat'><em>3:</em></span> <span class='ocrx_word' id='word_1_284' title='bbox 670 3781 728 3847; x_wconf 81' lang='grc' dir='ltr'><em>ἐπὶ</em></span> <span class='ocrx_word' id='word_1_285' title='bbox 752 3778 811 3867; x_wconf 81' lang='grc' dir='ltr'><em>τὴν</em></span> <span class='ocrx_word' id='word_1_286' title='bbox 835 3781 1029 3870; x_wconf 76' lang='grc' dir='ltr'><em>διαρπαγήν,</em></span> <span class='ocrx_word' id='word_1_287' title='bbox 1062 3792 1114 3867; x_wconf 85' lang='grc'><em>56,</em></span> <span class='ocrx_word' id='word_1_288' title='bbox 1131 3795 1167 3849; x_wconf 76' lang='lat'><em>2:</em></span> <span class='ocrx_word' id='word_1_289' title='bbox 1193 3783 1251 3849; x_wconf 79' lang='grc' dir='ltr'><em>ἐπὶ</em></span> <span class='ocrx_word' id='word_1_290' title='bbox 1276 3791 1364 3851; x_wconf 86' lang='grc' dir='ltr'><em>Μεσ·</em></span> 
     </span>
     <span class='ocr_line' id='line_1_32' title="bbox 190 3883 1363 3977; baseline 0.006 -23"><span class='ocrx_word' id='word_1_291' title='bbox 190 3889 295 3977; x_wconf 79' lang='grc' dir='ltr'><em>σηνης,</em></span> <span class='ocrx_word' id='word_1_292' title='bbox 333 3898 433 3972; x_wconf 80' lang='grc'><em>75,4;</em></span> <span class='ocrx_word' id='word_1_293' title='bbox 469 3886 660 3954; x_wconf 84' lang='grc' dir='ltr'><em>καταλιπών</em></span> <span class='ocrx_word' id='word_1_294' title='bbox 697 3884 730 3953; x_wconf 89' lang='grc' dir='ltr'><em>τὸ</em></span> <span class='ocrx_word' id='word_1_295' title='bbox 766 3886 990 3974; x_wconf 76' lang='grc' dir='ltr'><em>στρατόπεδον</em></span> <span class='ocrx_word' id='word_1_296' title='bbox 1024 3883 1059 3957; x_wconf 77' lang='grc' dir='ltr'><em>ὁὸ.</em></span> <span class='ocrx_word' id='word_1_297' title='bbox 1094 3888 1235 3973; x_wconf 82' lang='grc' dir='ltr'><em>φεόγειν.</em></span> <span class='ocrx_word' id='word_1_298' title='bbox 1268 3901 1363 3976; x_wconf 79' lang='grc'><em>81,2.</em></span> 
     </span>
     <span class='ocr_line' id='line_1_33' title="bbox 192 3990 1365 4086; baseline 0.002 -22"><span class='ocrx_word' id='word_1_299' title='bbox 192 4007 244 4080; x_wconf 93' lang='grc'><em>88,</em></span> <span class='ocrx_word' id='word_1_300' title='bbox 260 4007 296 4064; x_wconf 84' lang='lat'><em>2:</em></span> <span class='ocrx_word' id='word_1_301' title='bbox 320 3995 402 4082; x_wconf 84' lang='grc' dir='ltr'><em>πρὸς</em></span> <span class='ocrx_word' id='word_1_302' title='bbox 425 3991 500 4068; x_wconf 81' lang='grc' dir='ltr'><em>τούς</em></span> <span class='ocrx_word' id='word_1_303' title='bbox 523 3990 677 4061; x_wconf 81' lang='grc' dir='ltr'><em>α’νωτάτω</em></span> <span class='ocrx_word' id='word_1_304' title='bbox 700 3994 833 4074; x_wconf 85' lang='grc' dir='ltr'><em>νόπσνς,</em></span> <span class='ocrx_word' id='word_1_305' title='bbox 859 4004 911 4081; x_wconf 85' lang='grc'><em>95,</em></span> <span class='ocrx_word' id='word_1_306' title='bbox 927 4006 955 4065; x_wconf 86' lang='grc'><em>3.</em></span> <span class='ocrx_word' id='word_1_307' title='bbox 982 4005 1034 4084; x_wconf 88' lang='grc'><em>98,</em></span> <span class='ocrx_word' id='word_1_308' title='bbox 1049 4006 1077 4063; x_wconf 82' lang='lat'><em>5.</em></span> <span class='ocrx_word' id='word_1_309' title='bbox 1107 4003 1177 4084; x_wconf 82' lang='lat'><strong>100,</strong></span> <span class='ocrx_word' id='word_1_310' title='bbox 1196 4008 1220 4066; x_wconf 87' lang='lat' dir='ltr'><em>l.</em></span> <span class='ocrx_word' id='word_1_311' title='bbox 1248 4007 1365 4086; x_wconf 86' lang='lat'><strong>103,1.</strong></span> 
     </span>
     <span class='ocr_line' id='line_1_34' title="bbox 196 4101 1364 4194; baseline -0.002 -22"><span class='ocrx_word' id='word_1_312' title='bbox 196 4113 310 4190; x_wconf 60' lang='lat'><strong>1025.</strong></span> <span class='ocrx_word' id='word_1_313' title='bbox 336 4107 398 4172; x_wconf 89' lang='lat' dir='ltr'><em>XV</em></span> <span class='ocrx_word' id='word_1_314' title='bbox 416 4111 508 4191; x_wconf 73' lang='grc'><em>17,2.</em></span> <span class='ocrx_word' id='word_1_315' title='bbox 534 4111 586 4188; x_wconf 88' lang='grc'><em>80,</em></span> <span class='ocrx_word' id='word_1_316' title='bbox 601 4112 631 4172; x_wconf 81' lang='lat'><em>5.</em></span> <span class='ocrx_word' id='word_1_317' title='bbox 656 4111 710 4180; x_wconf 81' lang='lat'><em>82,</em></span> <span class='ocrx_word' id='word_1_318' title='bbox 726 4113 754 4170; x_wconf 89' lang='grc'><em>6.</em></span> <span class='ocrx_word' id='word_1_319' title='bbox 779 4105 861 4171; x_wconf 91' lang='lat' dir='ltr'><em>XVI</em></span> <span class='ocrx_word' id='word_1_320' title='bbox 879 4112 971 4191; x_wconf 81' lang='lat'><strong>19,4.</strong></span> <span class='ocrx_word' id='word_1_321' title='bbox 997 4113 1102 4192; x_wconf 82' lang='lat'><strong>42,1:</strong></span> <span class='ocrx_word' id='word_1_322' title='bbox 1129 4103 1187 4170; x_wconf 80' lang='grc' dir='ltr'><em>ἐπὶ</em></span> <span class='ocrx_word' id='word_1_323' title='bbox 1215 4101 1274 4194; x_wconf 79' lang='grc' dir='ltr'><em>τὴν</em></span> <span class='ocrx_word' id='word_1_324' title='bbox 1305 4131 1364 4172; x_wconf 90' lang='grc' dir='ltr'><em>πο-</em></span> 
     </span>
     <span class='ocr_line' id='line_1_35' title="bbox 193 4213 1364 4302; baseline 0.003 -24"><span class='ocrx_word' id='word_1_325' title='bbox 193 4214 352 4297; x_wconf 71' lang='grc' dir='ltr'><em>λιορκίαι,</em></span> <span class='ocrx_word' id='word_1_326' title='bbox 379 4220 475 4294; x_wconf 78' lang='grc' dir='ltr'><em>εαι.</em></span> <span class='ocrx_word' id='word_1_327' title='bbox 508 4218 603 4298; x_wconf 83' lang='lat'><strong>94,4.</strong></span> <span class='ocrx_word' id='word_1_328' title='bbox 635 4213 843 4289; x_wconf 83' lang='lat' dir='ltr'><strong>XV1121,5.</strong></span> <span class='ocrx_word' id='word_1_329' title='bbox 877 4219 929 4298; x_wconf 86' lang='lat'><em>34,</em></span> <span class='ocrx_word' id='word_1_330' title='bbox 945 4219 973 4291; x_wconf 67' lang='grc' dir='ltr'><em>α</em></span> <span class='ocrx_word' id='word_1_331' title='bbox 1010 4220 1105 4292; x_wconf 62' lang='grc' dir='ltr'><em>σαι,</em></span> <span class='ocrx_word' id='word_1_332' title='bbox 1140 4221 1234 4297; x_wconf 86' lang='lat'><strong>37,1.</strong></span> <span class='ocrx_word' id='word_1_333' title='bbox 1270 4222 1364 4302; x_wconf 69' lang='grc' dir='ltr'><em>σου,</em></span> 
     </span>
     <span class='ocr_line' id='line_1_36' title="bbox 195 4314 1364 4403; baseline -0.003 -16"><span class='ocrx_word' id='word_1_334' title='bbox 195 4329 246 4403; x_wconf 84' lang='lat'><strong>62,</strong></span> <span class='ocrx_word' id='word_1_335' title='bbox 261 4328 296 4388; x_wconf 88' lang='lat'><em>8:</em></span> <span class='ocrx_word' id='word_1_336' title='bbox 322 4316 586 4400; x_wconf 78' lang='grc' dir='ltr'><em>Λακεδαιμόνιοι</em></span> <span class='ocrx_word' id='word_1_337' title='bbox 623 4319 791 4403; x_wconf 82' lang='grc' dir='ltr'><em>πανδημεὶ</em></span> <span class='ocrx_word' id='word_1_338' title='bbox 814 4314 895 4403; x_wconf 83' lang='grc' dir='ltr'><em>πρός</em></span> <span class='ocrx_word' id='word_1_339' title='bbox 916 4317 976 4383; x_wconf 84' lang='grc' dir='ltr'><em>τόν</em></span> <span class='ocrx_word' id='word_1_340' title='bbox 999 4314 1084 4403; x_wconf 78' lang='grc' dir='ltr'><em>ὑπὲρ</em></span> <span class='ocrx_word' id='word_1_341' title='bbox 1106 4324 1171 4384; x_wconf 82' lang='grc' dir='ltr'><em>τών</em></span> <span class='ocrx_word' id='word_1_342' title='bbox 1195 4314 1278 4384; x_wconf 82' lang='grc' dir='ltr'><em>ὅλων</em></span> <span class='ocrx_word' id='word_1_343' title='bbox 1294 4326 1364 4385; x_wconf 84' lang='grc' dir='ltr'><em>κίν-</em></span> 
     </span>
    </p>
   </div>
   <div class='ocr_carea' id='block_1_3' title="bbox 0 0 1672 5050">
    <p class='ocr_par' dir='ltr' id='par_1_5' title="bbox 0 0 1672 5050">
     <span class='ocr_line' id='line_1_37' title="bbox 0 0 1672 5050; baseline 0 0"><span class='ocrx_word' id='word_1_344' title='bbox 0 0 1672 5050; x_wconf 95' lang='lat' dir='ltr'><em> </em></span> 
     </span>
    </p>
   </div>
  </div>
 </body>
</html>
