3306 5050
642 457 862 527 ...45-

165 664 356 745 pierumque
393 669 544 745 utuntur,
582 667 715 740 praeter
747 659 828 725 duos
860 660 949 723 iooos
979 676 1105 738 semper
1134 657 1214 722 dioit
1238 658 1338 720 διαδι-

165 767 328 854 δράσκειν,
354 769 438 849 quod
464 775 558 832 anteo
584 786 660 833 raro
686 766 826 846 legitur3
850 785 953 846 neque
978 767 1045 832 ulio
1062 766 1338 847 Ιοοοδιατρέχειν,

165 878 357 959 διαδραμεῖν
407 875 620 956 ‚percurrere‘
667 875 844 938 invenitur.
891 868 1085 955 ἀνατρέχειν
1129 883 1185 939 oui
1225 875 1337 940 eadem

165 987 295 1052 ratione
320 985 440 1061 utitur,
466 1001 529 1062 oua
556 981 620 1046 Pol.
648 981 738 1046 112:
764 972 969 1062 ἀναδραμεῖν
993 987 1061 1051 τοῖς
1073 977 1212 1062 χρόνοις,
1239 981 1339 1043 V4o:

166 1089 226 1154 ἐπί
258 1114 301 1170 τι,
338 1095 396 1154 aui
432 1108 490 1171 pro
525 1089 651 1172 augeri,
686 1107 833 1155 creseere
881 1089 991 1169 aliqua
1025 1107 1063 1154 re
1100 1089 1191 1154 velut
1226 1089 1341 1168 opibus
1373 1077 1375 1081 ’

168 1197 399 1286 [τάΧΙῖνμλ.

270 1305 336 1370 Eos
360 1312 469 1370 autem
495 1306 594 1384 locos,
619 1304 737 1386 quibus
761 1298 973 1386 ἀναδραμεῖν,
999 1295 1245 1386 ἀναδραμόντες
1274 1310 1342 1374 τοῖς

166 1409 296 1496 χρόνοις
320 1412 371 1477 vei
398 1412 504 1478 simile
530 1411 655 1491 aliquio
676 1414 897 1492 reperiuntur,
922 1430 986 1477 non
1004 1411 1124 1477 notavi.
1146 1449 1176 1457 --
1203 1403 1341 1492 ἀνατρέ-

166 1541 238 1599 χειν
261 1525 434 1601 praeierea
466 1519 542 1584 inde
576 1521 617 1583 ab
655 1519 793 1584 Homero
827 1519 866 1584 de
904 1519 1076 1598 quibusvis
1112 1519 1265 1599 oorporis·
1287 1525 1338 1584 tu-

168 1628 312 1692 moribus
344 1626 462 1690 dicitur
494 1626 668 1707 interdum,
700 1627 795 1691 velut
825 1626 1031 1704 Jl.23‚717:
1066 1621 1243 1705 σμώδιγγες
1266 1617 1341 1688 ἀνέ-

168 1736 306 1816 δραμον.
342 1740 387 1798 At
401 1733 564 1799 Diodorus
588 1734 690 1800 verbo
717 1733 822 1798 utitur
845 1733 1068 1813 metaphorice
1087 1733 1104 1797 1.
1123 1733 1342 1816 irinum:

168 1835 294 1927 πολλὴν
326 1837 478 1903 ἐπίδοσιν
509 1837 694 1922 ἐλάμβανεν
725 1833 745 1925 ἡ
774 1836 931 1919 σύμπασα
960 1840 1097 1905 Σικελία
1130 1835 1214 1922 πρός
1237 1835 1342 1903 εάδαι-

168 1950 299 2028 μανίαν·
325 1943 457 2032 εἰρήνην
481 1941 542 2029 γάρ
566 1941 694 2026 ἐχοντες
725 1944 757 2008 οἱ
787 1946 980 2013 Σικελιῶται
1004 1948 1058 2009 καὶ
1081 1944 1190 2030 χεόραν
1213 1940 1344 2034 ἀγαθὴν

169 2051 351 2135 νεμόμενοι
366 2109 395 2124 .,
416 2050 501 2134 ταχδ
524 2061 595 2125 ταῖς
619 2050 741 2126 οὐσίαις
756 2049 936 2138 ἀνέτρεχον
963 2055 1019 2118 καὶ
1042 2051 1101 2118 τίν
1117 2051 1225 2137 χώραν
1248 2051 1345 2140 ἐπλή-

171 2180 279 2245 ρωσαν
326 2158 460 2225 οἰκετῶν
500 2163 556 2224 καὶ
580 2166 715 2248 κτηνῶν,
763 2163 961 2244 imperfecto
985 2167 1091 2228 eutem
1119 2165 1235 2248 utitur,
1259 2164 1343 2242 quod

170 2271 252 2337 illud
269 2262 462 2352 ἀνατρέχειν
476 2276 543 2336 ium
571 2271 724 2350 temporis
748 2271 888 2334 nondum
907 2269 1034 2335 finitum
1060 2275 1149 2352 erat3
1166 2270 1279 2336 eodem
1304 2270 1344 2337 de

170 2396 270 2442 eausa
294 2385 371 2446 ante
396 2380 459 2443 iam
486 2377 570 2442 dixit
593 2373 785 2459 ἐλάμβανεν.
824 2378 938 2459 Neque
955 2378 988 2443 in
1006 2377 1128 2443 aoristo
1152 2373 1345 2460 ἐπλήρωσαν

169 2485 397 2551 offendendum
433 2491 501 2550 est:
536 2485 587 2549 oui
624 2485 824 2568 respondent
846 2487 948 2551 verba
973 2485 1166 2566 sequentia:
1199 2481 1281 2565 μετά
1308 2484 1342 2548 δέ

171 2595 274 2654 ταῦτα
298 2588 468 2662 πόλινείς
492 2592 659 2671 πολέμους
683 2592 738 2654 καὶ
761 2588 888 2663 στάσεις
911 2589 1075 2657 ἐνέπεσον.

276 2699 378 2764 Verbi
415 2693 705 2781 ἀποδιδράσκειν
733 2700 857 2783 legitur
890 2706 974 2781 port.
1009 2719 1114 2780 praes.
1148 2700 1214 2766 XX
1234 2707 1286 2783 47,
1308 2706 1345 2763 4:
1375 2681 1377 2688 ’

171 2798 485 2889 ἀποδιδρασκόντων
520 2799 659 2870 δἀἀτῶν
695 2803 779 2888 πρὸς
818 2800 892 2876 τούς
927 2807 1007 2889 περὶ
1041 2801 1099 2869 τόν
1131 2807 1345 2871 Μενέλαον..

173 2909 362 2994 ἐνεβίβασεν
386 2909 432 2984 εἰς
454 2907 512 2984 τάς
536 2917 615 2984 ναῦς
638 2914 693 2976 καὶ
717 2907 801 2997 πρὸς
825 2906 1004 2993 Ἀντίχονον
1027 2911 1073 2984 εἰς
1104 2917 1229 2996 Συρίαν
1267 2918 1347 2977 ἀπέ-

173 3020 308 3101 στειλεν,
322 3019 378 3084 inf,
397 3039 501 3100 praes,
515 3022 565 3086 XI
580 3028 609 3104 8,
626 3029 660 3084 5:
686 3018 801 3084 ἔπεισέ
822 3042 896 3083 τινα
922 3015 1004 3103 πρός
1026 3014 1086 3083 τόν
1102 3019 1225 3105 Ξέρξην
1249 3013 1344 3084 αὐτο-

173 3127 314 3212 μολῆσαι
349 3129 404 3190 καὶ
439 3124 737 3209 διαβεβαιώσασδαι
761 3122 846 3191 διότι
868 3128 1044 3207 μέλλουσιν
1073 3126 1107 3190 αἱ
1133 3131 1206 3210 νῆες
1230 3124 1346 3191 ἀποδι-

174 3232 326 3318 δράσκειν
350 3231 384 3296 ἐκ
409 3236 473 3296 τῶν
496 3231 617 3300 τόπον.
658 3237 749 3301 Haeo
773 3237 836 3301 duo
860 3236 1009 3316 exempla
1041 3238 1133 3302 verbi
1168 3228 1347 3319 ἀποδιδρά-

175 3360 266 3404 σκειν
299 3343 404 3407 solum
430 3342 552 3423 notavi,
593 3350 627 3409 et
665 3343 730 3408 nisi
770 3343 877 3425 fallor,
915 3343 1038 3408 nullum
1074 3350 1246 3424 praeterea
1270 3344 1347 3425 legi.

175 3455 285 3528 Atque
317 3469 387 3514 oum
422 3449 513 3517 verbi
538 3441 798 3532 ἀποδιδράσκειν
837 3469 992 3531 praesens
1018 3450 1111 3515 modo
1147 3450 1348 3526 inveniatur,

176 3575 204 3622 v.
230 3552 482 3639 διαδιδράσκειν
511 3559 603 3623 solae
627 3557 781 3639 leguntur
805 3558 928 3623 formae
951 3557 1077 3626 norisii.
1106 3549 1108 3554 ’

281 3683 351 3748 Ind.
376 3693 426 3746 est.
449 3683 530 3748 XIV
549 3689 649 3765 12‚7:
674 3684 834 3766 φοβηθεὶς
861 3683 972 3765 διέδρα
996 3684 1050 3746 καὶ
1084 3682 1274 3746 διέπλευσεν
1305 3680 1351 3753 εἰς

175 3785 236 3851 τάν
260 3781 394 3866 Ἰαονίαν,
418 3790 518 3855 XVII
538 3796 607 3872 108,
624 3797 658 3852 i:
684 3786 911 3868 ἐξαιτούμενος
934 3789 969 3853 δὲ
993 3791 1103 3873 διέδρα
1126 3791 1181 3852 καὶ
1197 3792 1348 3875 κατῆρεν,

176 3897 308 3981 ΧΧ89,
323 3903 359 3960 4:
385 3893 415 3957 οἱ
446 3896 508 3976 μὲν
536 3894 693 3967 ἱππεῖς..
724 3898 905 3984 διέδρασαν,
931 3894 962 3958 οἱ
986 3895 1020 3960 δέ
1046 3896 1217 3968 πλείους..
1244 3894 1349 3960 διελό-

176 4021 286 4085 σαντο,
297 4013 378 4084 μυεῖ,
393 4024 459 4069 eor.
470 4005 484 4067 Ι
488 4006 502 4068 Ι
513 4011 587 4086 28,3
597 4032 602 4071 :
612 4007 710 4067 τοῦτο
729 3997 868 4092 δ’ῇτεῖτο
881 4000 1180 4086 πυθόμενοςπαρά
1194 4026 1282 4075 τινος
1296 3999 1349 4067 εά-

177 4107 300 4189 νυόχου
335 4109 374 4174 τά
410 4112 489 4194 περὶ
525 4109 585 4174 τόν
619 4108 761 4194 ἄργυρον
793 4113 848 4175 καὶ
871 4108 1004 4195 χρυσόν,
1030 4105 1067 4173 ὃν
1091 4107 1272 4195 διαδρόντα
1296 4113 1351 4175 καὶ

178 4213 258 4302 παρ’
283 4213 384 4280 αὐτόν
409 4212 675 4300 αότομολήσαντα
699 4224 920 4304 κατέκρυψεν,
946 4221 994 4285 IV
1004 4226 1100 4304 46‚2:
1124 4213 1184 4303 τὴν
1198 4215 1351 4282 Μόδειαν

178 4325 357 4407 διαδρᾶσαν
389 4332 588 4407 καταφαγεῖν
618 4323 663 4395 εἴς
691 4349 723 4387 τι
752 4330 887 4405 τέμενος
916 4319 1039 4410 Ἡλίου,
1068 4333 1170 4408 77,1;
1201 4319 1283 4406 μετὰ
1317 4326 1351 4389 δέ

178 4435 281 4494 ταῦτα
317 4426 448 4514 διαδράς
483 4429 528 4504 εἰς
563 4429 691 4517 Κρότην
726 4434 782 4495 καὶ
817 4427 870 4496 διά
906 4427 965 4517 τὴν
999 4429 1035 4496 ἐν
1065 4436 1104 4519 τῇ
1133 4437 1231 4519 τέχνῃ
1256 4430 1352 4507 δόξαν

180 4536 438 4620 θαυμαζόμενος
470 4540 565 4624 φίλας
592 4537 720 4621 ἐγένετο
754 4543 898 4628 Μίνωος,
930 4561 993 4625 quo
1019 4542 1087 4608 loco
1112 4547 1196 4624 pari.
1221 4535 1354 4628 διαδρὰς
