3264 5050
545 1102 573 1172 1.
620 1103 678 1168 De
703 1103 849 1170 aoristo
875 1111 910 1170 et
935 1104 1170 1189 imperfecto.

377 1303 423 1366 Ut
447 1319 547 1382 supra
573 1299 649 1381 dixi,
675 1301 796 1366 nonin
822 1302 929 1366 animo
954 1301 1056 1366 habeo
1073 1303 1133 1367 hoc
1150 1305 1220 1368 loco
1243 1305 1283 1369 de
1299 1305 1445 1386 generali

272 1428 333 1476 usu
364 1408 477 1474 aoristi
510 1414 544 1474 et
574 1406 761 1488 imperfecti
795 1408 969 1490 disserere3
1002 1408 1058 1474 sed
1094 1429 1149 1475 eos
1172 1411 1260 1476 locos
1285 1410 1444 1492 imprimis

272 1516 421 1598 respicio,
446 1515 564 1595 quibus
588 1515 621 1578 in
646 1515 795 1597 longiore
820 1517 991 1581 verborum
1018 1515 1157 1581 circuitu
1186 1517 1301 1583 coristi
1331 1527 1365 1582 et
1388 1518 1445 1582 im·

272 1624 420 1705 perfecta
444 1625 584 1688 invicem
607 1624 829 1704 reperiuntur.
867 1623 1064 1704 Saepissime
1089 1625 1172 1688 enim
1197 1626 1275 1690 haec
1298 1632 1444 1706 tempora

272 1733 360 1797 inter
384 1749 420 1797 se
444 1731 579 1796 variant
603 1731 664 1795 hnc
689 1731 781 1795 modo
806 1731 906 1795 utils
930 1730 1021 1814 locis
1047 1731 1164 1811 quibus
1197 1733 1281 1797 actio
1312 1733 1442 1813 incepta

272 1838 364 1919 quasi
399 1837 611 1919 progreditur
646 1837 698 1904 vel
735 1836 867 1919 finitur,
893 1837 1036 1903 aoristus
1069 1838 1279 1923 adhibeatur,
1329 1839 1445 1918 quibus

272 1948 403 2030 paulum
430 1945 583 2011 consistit
605 1963 711 2024 neque
736 1945 775 2009 ad
800 1945 896 2010 finem
921 1945 1130 2028 perducitur,
1163 1947 1353 2012 inveniatur
1383 1947 1444 2011 im-

273 2053 462 2137 perfectum.
510 2051 601 2133 Quae
629 2071 684 2118 res
713 2071 774 2116 non
806 2053 887 2117 mira
918 2057 967 2117 est
992 2071 1097 2132 neque
1122 2055 1224 2119 solum
1249 2054 1335 2134 apud
1359 2055 1445 2119 hunc

276 2162 467 2243 scriptorem
492 2166 551 2225 aut
576 2160 746 2240 Polybium
773 2156 825 2244 [de
850 2178 945 2224 cusus
971 2141 1031 2225 usu
1056 2159 1095 2225 cf.
1122 2160 1445 2227 aflultscnxissi

273 2275 388 2350 p.5ss.
424 2263 453 2348 p.
480 2272 518 2332 14
531 2266 586 2349 ss]
625 2272 683 2332 aut
713 2266 859 2346 reliquos
891 2267 1050 2332 sermonis
1085 2268 1233 2350 vulgaris
1269 2268 1446 2349 scriptores

273 2377 451 2460 reperitur,
477 2375 534 2441 sed
559 2374 663 2440 totius
686 2376 821 2457 linguae
846 2375 994 2441 Graecae
1026 2381 1077 2442 est
1110 2376 1298 2442 communis.
1346 2377 1444 2443 Cuius

270 2485 316 2551 rei
352 2483 556 2565 aptissimum
590 2483 774 2562 exemplum
808 2483 931 2563 legitur
967 2483 1053 2563 apud
1086 2483 1279 2550 Homerum:
1306 2486 1442 2559 ilisa:

402 2603 453 2678 Ὡς
477 2601 581 2670 είπών
606 2603 764 2687 δμώεσσιν
789 2603 949 2692 ἐκέκλετο,
974 2609 1026 2670 τοὶ
1051 2603 1081 2670 ‹i'
1105 2605 1276 2675 ἐπίθοντο.

406 2713 438 2777 οἱ
460 2715 521 2796 μὲν
545 2707 600 2798 ἄρ’
623 2709 714 2785 ἐκτός
737 2706 872 2794 ἅμαξαν
896 2710 1052 2797 ἐύτροχον
1075 2708 1249 2800 ἡμιονείην

405 2815 541 2905 ὥπλεον,
566 2816 721 2905 ἡμιόνους
744 2814 911 2901 θ’ὕπαγον
936 2824 1050 2898 ζεῦξαν
1076 2815 1160 2885 θ’όπ
1184 2817 1304 2910 ἐπηνη·

403 2928 502 3015 κοόρη
527 2925 555 2993 ό
557 2925 592 2992 ἐκ
615 2925 784 3010 θαλάμοιο
809 2933 908 3012 φέρεν
932 2926 1054 3013 ἐσθητα
1079 2926 1227 3011 φαεινήν.

403 3040 460 3102 καὶ
482 3032 541 3121 τὴν
564 3036 627 3118 μὲν
651 3041 834 3120 κατέθηκεν
859 3033 994 3120 ἐυξέστφ
1020 3032 1075 3099 ἐπ’
1099 3031 1222 3122 ἀπήνη,

403 3143 508 3230 μητηρ
533 3140 600 3208 ato
624 3147 714 3231 κίστη
740 3140 845 3207 ἐτίθει
868 3136 1032 3225 μενοεικέ’
1057 3140 1179 3226 ἐδωδὴν

402 3256 573 3336 παντοίην,
599 3249 635 3314 ἐν
660 3243 762 3337 δ’όψα
785 3254 885 3335 τίθει,
912 3247 947 3313 ἐν
971 3243 1091 3314 δὀἶνον
1117 3247 1229 3329 ἔχευεν

405 3355 491 3446 ἀσκῷ
514 3357 549 3423 ἐν
575 3355 803 3444 αἰγείφ-κοόρη
828 3354 857 3422 δ’
860 3353 1029 3440 ἐπεβήσετ’
1053 3351 1197 3443 α’πηνης-

402 3470 505 3532 δῶκεν
529 3467 564 3530 δὲ
587 3471 702 3553 χρυσέη
727 3463 762 3528 ἐν
786 3463 919 3552 ληκόθφ
943 3459 1043 3550 όγρὸν
1068 3461 1189 3547 ἔλαιον,

404 3575 475 3646 εἵως
498 3571 696 3653 χυτλώσαιτο
725 3569 781 3636 συν
808 3568 1026 3654 ἀμφιπόλοισι
1051 3576 1207 3653 γοναιξίν.

302 3757 303 3760 ¹
403 3677 422 3767 ἡ
446 3678 594 3763 δ’ἐλοβεν
618 3677 759 3761 μάστιγα
783 3682 839 3743 καὶ
861 3675 937 3764 ἡνία
961 3677 1163 3760 σιγαλόεντα,

401 3787 556 3871 μάστιξεν
581 3781 724 3872 δ’ἐλόαν,
750 3785 876 3872 καναχὴ
901 3767 972 3872 δ’ἦν
995 3783 1173 3872 ἡμιόνοιιν·

403 3896 437 3960 αἱ
461 3893 616 3977 δ’ἄμοτον
639 3893 810 3972 τανύοντο,
835 3900 937 3979 φέρον
961 3888 1116 3979 δ’ἐσθῆτα
1140 3898 1194 3958 καὶ
1219 3892 1331 3979 αὐτην,

403 3998 461 4068 ccix
487 4002 567 4090 οἴην·
592 3996 662 4083 ἅμα
686 4008 726 4090 τῇ
750 4025 784 4083 γε
808 4006 862 4065 καὶ
886 3995 1072 4085 οἷμφίπολοι
1096 4007 1166 4066 κίον
1190 3995 1298 4066 ἄλλοι.

373 4131 443 4214 Quo
467 4132 540 4197 loco
564 4131 669 4212 prima
693 4149 770 4211 pars
796 4130 889 4209 quasi
913 4131 1053 4195 actionis
1077 4129 1209 4194 emistis
1233 4124 1380 4191 ἐκέκλετο
1412 4137 1447 4195 et

269 4232 432 4301 ἐπίθοντο
463 4237 685 4317 significatur:
718 4237 873 4302 Alcinous
907 4236 1081 4307 advocavit
1115 4254 1230 4302 servos
1262 4232 1303 4320 et:
1325 4236 1359 4302 hi
1395 4237 1448 4300 ob-

268 4348 374 4418 secuti
392 4352 477 4427 sunt,
494 4345 643 4425 sequitur
660 4345 834 4427 apparatio
851 4362 964 4414 currus
981 4343 1086 4413 forma
1102 4342 1301 4424 imperfecti:
1320 4341 1353 4404 οί
1367 4343 1446 4424 μὲν·
