3306 5050
762 447 980 508 ..(53.-

387 642 490 704 Varbi
515 634 647 717 διάγειν
672 640 799 720 legitur
822 649 908 718 part.
934 660 1002 706 a0r.
1028 643 1090 705 XV
1105 647 1157 722 68,
1172 646 1208 704 5:
1233 633 1291 722 τὴν
1316 634 1458 718 δύναμιν

282 728 441 825 διαγαγών
476 746 653 828 παρῆλθεν
689 740 734 816 εἰς
768 740 827 832 τῆν
879 743 1148 830 Πελοπόννησον,
1195 767 1225 813 v.
1273 743 1457 830 διεξάγειν,

282 855 362 918 XIV
377 859 429 935 20,
444 860 479 917 2:
504 848 704 932 διεξαγαγῶν
734 852 787 914 διά
817 850 941 915 τοάτων
969 847 1029 936 τὴν
1054 850 1196 933 δάναμιν
1224 849 1389 934 εἰσέβαλεν
1414 852 1458 924 εἴς

281 983 312 1022 τι
341 959 468 1023 πεδίον.
787 971 790 978 ’

386 1064 443 1140 ἐξ;
468 1068 602 1132 Nullum
630 1069 744 1134 notavi
770 1069 889 1150 inerim,
916 1088 980 1147 qun
1007 1065 1137 1145 ἐξάγειν
1161 1071 1375 1134 intransitive
1400 1071 1456 1134 ad-

281 1169 446 1239 hibeatur.
474 1197 512 1217 —·
538 1175 733 1254 1114a4s.
772 1175 929 1254 leguntur
959 1177 1055 1240 hacc:
1087 1159 1179 1236 οὗτοι
1198 1215 1201 1220 -
1219 1171 1359 1258 (Ἄραβες
1384 1180 1456 1239 Να-

278 1283 421 1361 βαταῖοι)
467 1279 501 1342 δέ
532 1277 659 1365 πολλὴν
693 1283 748 1365 τῆς
783 1281 946 1363 παραλίας
969 1285 1172 1359 νέμονται..
1199 1277 1328 1358 ἔχοντες
1351 1289 1455 1362 θρεμ-

279 1382 394 1465 μάτων
422 1377 537 1465 άγέλας
577 1379 734 1478 άιτίοτονς
758 1393 823 1457 τοῖς
856 1380 1029 1470 πλήθεσιν,
1056 1386 1088 1448 οἳ
1110 1383 1148 1449 τά
1172 1383 1320 1450 παλαιὸν
1344 1387 1456 1474 ἐξῆγον

282 1489 469 1580 δικαιοσύνῃ
503 1488 670 1575 χριόμενον
709 1494 765 1555 καὶ
796 1501 865 1564 ταῖς
896 1488 963 1556 άπὸ
997 1496 1061 1556 τῶν
1089 1487 1298 1577 θρεμμάτων
1321 1503 1457 1579 τροφαῖς

280 1591 488 1682 άρκοάμενοι.
557 1601 628 1682 Qun
682 1603 755 1665 loco
807 1597 918 1683 ἐξῆγον
966 1611 1157 1680 corruptum
1197 1603 1333 1669 vidntur
1372 1622 1454 1668 ease.

281 1709 425 1786 Scripsit
450 1710 557 1788 igitur
586 1709 733 1774 Cobctus
761 1707 874 1790 διῆγον
916 1710 1029 1791 ‚vitam
1066 1709 1252 1792 degebant,
1292 1711 1379 1789 quod
1415 1729 1456 1775 ex
1532 1752 1537 1760 ·
1645 1723 1646 1750 ¹

280 1833 378 1879 sensu
404 1816 612 1892 aptissimum
637 1823 703 1893 cst3
729 1823 766 1880 ut
790 1816 1008 1881 autem-iliud
1033 1813 1068 1889 ἐξ
1091 1819 1257 1882 retineret
1273 1819 1330 1882 Fr.
1345 1819 1454 1896 Vogel

169 1997 172 2005 ¹
279 1923 383 1985 scribi
408 1923 526 1986 maluit
550 1921 709 2005 διεξῆγον.
745 1922 808 1987 Sed
836 1923 950 1988 dribitn
968 1943 1044 1987 num
1058 1923 1112 1986 hic
1128 1932 1256 2010 rectum
1274 1925 1451 1990 invenerit.

278 2029 392 2106 Neque
427 2029 596 2093 eiusmndo
634 2030 728 2110 incia,
756 2031 851 2094 cuins
887 2037 939 2094 nst
974 2030 1142 2111 Pniiii,
1163 2037 1195 2094 1:
1229 2026 1446 2113 Καρχηδόνιοι

277 2126 351 2203 τοὺς
375 2129 446 2196 κατ’
470 2130 558 2196 ἰδίαν
581 2137 671 2214 βίους
695 2130 749 2196 άεὶ
770 2131 1011 2213 διεξαγαγόντες
1033 2127 1102 2198 άπὸ
1126 2137 1190 2197 τῶν
1214 2132 1249 2198 ἐκ
1274 2139 1328 2210 τῆς
1350 2133 1455 2216 χώρας

278 2237 501 2324 γεννημάτων,
536 2244 729 2307 testimonio
764 2244 814 2307 uti
850 2244 941 2325 iicet,
967 2243 1054 2322 quod
1084 2238 1245 2321 διεξάγειν
1269 2263 1334 2307 n0n
1358 2247 1453 2308 abso·

279 2349 348 2413 luta
373 2351 518 2426 positum
543 2358 603 2414 est.
628 2351 707 2431 Nec,
733 2358 890 2428 quantum
915 2353 995 2430 scic,
1020 2360 1154 2416 veteres
1178 2352 1228 2414 sic
1257 2353 1319 2415 hnc
1347 2354 1451 2417 vcrbn

278 2463 427 2520 utuntur.
477 2457 561 2520 Sane
598 2452 633 2529 ἐξ
669 2466 702 2521 at
739 2456 771 2518 δι
814 2457 912 2522 valde
946 2456 1053 2520 forma
1086 2458 1262 2522 literarum
1295 2458 1453 2523 differunt

277 2580 338 2625 nec
362 2562 461 2626 facile
488 2565 682 2628 commutari
707 2571 898 2642 potuerunt.
947 2563 1225 2646 Quamobrem,
1256 2583 1328 2630 cunr
1357 2566 1451 2629 illum

277 2669 386 2732 locum
422 2670 503 2750 legi,
539 2672 680 2748 primurn
718 2671 846 2734 conieci
883 2671 964 2734 haec
1000 2671 1177 2735 scribenda
1207 2689 1295 2735 csse:
1328 2664 1364 2740 ἃς
1386 2669 1450 2749 μέν

277 2770 389 2857 ἐξῆγον
421 2773 479 2856 (sc.
511 2770 567 2844 τάς
597 2770 726 2857 α’γέλας)
759 2773 823 2840 κτέ.
873 2777 936 2842 Sed
967 2779 1074 2858 magis
1105 2778 1216 2856 placat
1240 2771 1367 2858 sennua,
1393 2780 1450 2857 qui

278 2882 394 2946 chcti
422 2885 615 2948 coniectura
640 2884 795 2950 efficitur.

380 3009 562 3073 Praeterea
591 3009 682 3087 impf.
714 3009 875 3074 traditum
900 3019 951 3075 cst
975 3009 1061 3074 XIII
1075 3015 1147 3091 109,
1165 3014 1197 3072 1:
1222 3005 1448 3094 μεταπεμψά-

275 3132 374 3189 μενος
398 3110 422 3177 ε’.
448 3108 508 3196 τὴν
544 3112 695 3197 δύναμιν,
731 3117 793 3179 XV
808 3122 909 3197 20‚2:
962 3112 994 3176 οἱ
1029 3110 1367 3193 Λακεδαιμόνιοι...
1392 3111 1451 3178 τὸν

275 3216 338 3295 μὲν
364 3221 526 3300 Φοιβίδαν
550 3218 734 3305 ἐζημίωσαν
758 3218 910 3304 χρήμασι,
934 3216 993 3306 τὴν
1018 3219 1052 3283 δέ
1076 3215 1226 3304 φρουράν
1250 3216 1309 3283 οάκ
1343 3202 1450 3307 ἐξῆγον

276 3321 311 3386 ἐκ
339 3327 403 3387 τῶν
434 3330 559 3410 Θηβῶν,
598 3331 653 3393 ubi
690 3329 780 3408 impf.
819 3331 1008 3408 pertinaces
1049 3331 1287 3407 Spartanorum
1312 3331 1449 3412 animos,

276 3435 332 3512 qui
358 3435 554 3500 civitatibus
580 3437 720 3501 Graecis
745 3439 902 3502 iniuriam
920 3438 1151 3500 Thebanorum
1175 3438 1315 3502 moleste
1340 3437 1449 3501 fcren-

275 3542 366 3604 tibns
392 3543 576 3606 custodiam
600 3563 665 3606 non
690 3544 908 3626 abducebant,
935 3545 1058 3622 optimc
1084 3543 1264 3622 describit3
1290 3545 1352 3608 XV
1365 3548 1449 3624 624

276 3665 348 3710 curn
373 3641 490 3716 εὐδάςς
525 3640 627 3719 antiit
657 3636 714 3710 οὖν
745 3646 776 3710 οἱ
810 3645 951 3711 Βοιωτὸν
986 3642 1045 3731 την
1070 3645 1212 3727 δύναμιν
1236 3646 1272 3732 ἐ.,
1298 3652 1450 3729 sequitur

275 3755 434 3836 προῆγον,
460 3757 543 3820 XIX
556 3761 609 3838 42,
626 3763 658 3820 7;
684 3752 708 3820 ἐ.
734 3752 769 3817 ἐκ
792 3760 847 3838 τῆς
870 3753 975 3840 μάχης
997 3749 1070 3826 τούς
1092 3753 1210 3825 ἱππεῖς
1233 3756 1347 3821 καὶ...
1373 3747 1450 3819 άνε-

273 3853 440 3940 inpacta
466 3863 523 3927 inf.
550 3883 657 3941 praes.
683 3865 768 3928 XHI
784 3871 836 3945 87,
852 3872 885 3928 2:
911 3861 1041 3925 ἐδέοντο
1065 3866 1130 3924 τῶν
1161 3865 1345 3946 στρατηγῶν
1377 3857 1449 3936 ἐξά-

275 3985 344 4042 γειν
369 3959 496 4051 αὐτοὺς,
522 3972 603 4035 XVI
617 3977 669 4053 64,
688 3978 717 4035 2.

377 4075 448 4139 Ind.
486 4097 554 4142 aar.
591 4097 689 4156 sacpc
725 4078 897 4143 invenitur
929 4079 1023 4142 velut
1058 4076 1185 4158 Hac:
1216 4070 1367 4160 ἐξήγαγεν
1391 4071 1449 4137 ἐπὶ

272 4173 329 4248 τάς
353 4185 520 4262 στρατείας
545 4185 656 4259 πεζῶν
681 4180 806 4246 δῶδεκα
830 4179 1000 4265 μυριάδας,
1025 4189 1122 4266 25,1.
1146 4183 1232 4247 XIII
1246 4190 1276 4264 8,
1289 4188 1320 4247 4.
1347 4189 1447 4265 60,1;

273 4281 329 4346 ἐπὶ
359 4286 394 4348 δέ
434 4292 497 4350 τῶν
520 4293 637 4368 τειχῶν
661 4287 808 4371 patanae
838 4295 1044 4373 κατέταττον,
1068 4285 1142 4360 τοές
1165 4282 1195 4352 δ’
1219 4285 1332 4360 ἄλλους
1355 4307 1447 4371 στρα-

270 4389 387 4463 τιῶτας
418 4393 585 4481 ἐξήγαγον,
626 4401 779 4478 sequitur
814 4393 860 4466 εἰς
900 4394 1055 4481 ἔκπληξιν
1090 4394 1217 4482 ἤγαγον.
1271 4398 1341 4479 Quo
1372 4399 1446 4463 loco
