3264 5050
658 437 881 499 ...15...

183 631 327 708 modum,
353 647 446 710 quem
472 632 517 710 ei,
547 629 603 710 qui
627 645 742 696 severo
767 628 877 693 AttIco
902 645 1049 693 sermone
1073 634 1225 701 utuntur,
1251 627 1355 691 secuti

182 743 269 816 sunt,
295 737 425 817 nauium
451 744 673 802 excesserunt.
709 737 779 801 Nec
796 742 903 800 tumen
921 736 1079 817 exempto,
1103 753 1187 814 quae
1204 741 1355 799 sescento

183 843 334 929 exhibet,
367 845 474 909 omniu
505 843 622 924 collegi
654 861 760 922 neque
794 861 849 925 en,
882 859 965 921 quus
988 839 1127 916 contuli,
1151 840 1193 904 ud
1217 841 1353 908 verbum

184 950 302 1016 afferre
332 953 367 1016 in
398 952 505 1016 animo
530 956 590 1016 est.
637 951 783 1014 Primum
808 950 966 1013 disseram
993 950 1032 1013 de
1055 947 1096 1013 iis
1121 947 1211 1029 locis,
1238 947 1355 1027 quibus

182 1060 354 1124 enuntiata
372 1058 534 1138 particule
551 1057 608 1119 καί
622 1058 875 1137 coniunguntur.
907 1055 988 1140 tou,
1004 1062 1022 1120 ‘I
1040 1053 1233 1120 Fridericus
1251 1055 1356 1135 Vogel

182 1166 338 1245 optimum
372 1166 514 1230 codicem
550 1165 833 1229 Vindoboneusem
867 1165 892 1228 D
925 1169 1057 1228 secutus
1085 1161 1220 1242 scripsit
1247 1157 1355 1223 ἐνεπί-

182 1291 275 1334 στευε
300 1291 357 1353 γιτο
381 1267 599 1346 ἐνεπίστευσε,
624 1272 709 1350 quod
733 1271 766 1336 iu
786 1261 987 1335 VaticanoO
1011 1278 1044 1334 et
1060 1267 1355 1334 claromontanuF

180 1378 354 1464 legitur1),
392 1380 498 1459 idque,
529 1383 566 1445 ut
595 1379 736 1457 videtur,
769 1383 874 1442 recte:
904 1371 956 1440 διὰ
987 1370 1021 1439 δὲ
1052 1379 1116 1438 τῶν
1139 1369 1355 1457 μισθοφόρων

180 1481 413 1569 καθωρθωκολς
443 1479 501 1569 τὴν
532 1485 699 1566 βασιλείαν
722 1476 738 1546 ὁ
776 1479 993 1567 Ψαμμήτιχος
1021 1478 1146 1554 τούτοις
1168 1476 1206 1545 τὸ
1234 1475 1355 1545 λοιπὸν

180 1589 309 1675 μάλιστ’
333 1590 523 1658 ἐνεπίστευε
551 1588 591 1656 τοὶ
608 1587 691 1656 κατὰ
709 1585 767 1676 τὴν
783 1579 886 1676 ἀρχὴν
903 1593 957 1654 καὶ
973 1591 1131 1654 διετέλεσε
1148 1592 1354 1674 ξενοτροφῶν

181 1699 325 1782 μεγάλας
348 1698 513 1781 δυνάμεις.
559 1703 640 1767 Nem
675 1706 815 1782 apparet
845 1701 906 1767 hoc
937 1699 1006 1764 loco
1036 1697 1262 1780 imperfectum
1294 1717 1356 1763 uon

181 1811 285 1875 solum
309 1829 348 1874 en
372 1811 411 1875 do
436 1827 535 1874 causa
560 1807 812 1889 praeferendum
838 1827 920 1890 esse,
945 1807 1029 1888 qood
1053 1807 1087 1872 in
1104 1807 1225 1887 optiuno
1249 1805 1357 1870 codice

182 1924 217 1982 et
240 1917 273 1981 in
301 1917 467 1998 plerIsque
497 1915 634 1997 reliquis
665 1911 853 1997 invonitur,
879 1913 936 1980 sed
961 1915 1073 1996 etium,
1098 1914 1185 1993 quod
1210 1911 1250 1976 ud
1274 1931 1355 1995 rein,

181 2043 278 2106 quem
309 2031 442 2104 narrat,
477 2023 683 2103 aptissimum
718 2027 777 2087 est.
826 2023 988 2106 ,Semnum
1013 2021 1166 2100 quonum
1190 2020 1354 2101 regnavit,

181 2133 395 2198 conducticiis
421 2131 580 2197 militibus
612 2130 752 2196 maxime
784 2130 878 2194 tidem
906 2130 1066 2193 habebnt!
1114 2128 1238 2192 Eodem
1262 2127 1355 2192 modo

181 2247 294 2305 exstat
319 2239 346 2302 V
369 2246 422 2323 tu,
445 2244 482 2305 4:
515 2229 754 2321 [Ἀλθαιμένης]
787 2230 896 2306 διδούς
924 2231 1042 2298 ἑαυτὸν
1073 2230 1118 2305 εἰς
1141 2229 1198 2304 τάς
1222 2229 1355 2317 ἐρημίας

181 2338 281 2430 ἠλᾶτο
304 2340 405 2425 μύνος
428 2346 484 2408 καὶ
517 2340 570 2408 διά
605 2338 665 2426 τὴν
689 2339 797 2428 λύπην
828 2339 1036 2428 ἐτελεύτησεν
1063 2379 1102 2387 -
1126 2341 1355 2422 imperfectum

181 2453 274 2518 iuxto
297 2453 466 2531 uouistum,
485 2459 521 2517 ut
537 2454 698 2518 actionem
716 2471 780 2516 nou
796 2452 921 2516 finitum
940 2449 1111 2534 significet.
1136 2451 1174 2514 ci.
1189 2451 1237 2514 XI
1258 2457 1308 2533 tu,
1322 2455 1353 2514 l:

182 2558 212 2621 οἱ
236 2554 272 2622 δὲ
295 2555 459 2644 βάρβαροι
483 2554 540 2622 διά
568 2579 605 2622 τε
633 2553 670 2622 τὸ
703 2552 893 2640 παράδοξον
922 2558 976 2620 καὶ
1006 2553 1066 2641 την
1094 2554 1246 2638 ἅγνστανΙ
1270 2551 1352 2638 μετὰ

181 2666 306 2730 πολλοῦ
329 2661 478 2749 θορύβου
502 2669 695 2747 συνέτρεχον
719 2663 754 2728 ἐκ
778 2668 842 2728 τῶν
865 2669 992 2750 σκηνῶν
1015 2661 1160 2735 α’τάκτως
1184 2666 1240 2728 καὶ
1263 2667 1355 2744 νομί-

181 2794 294 2844 σαντες
318 2767 393 2844 τούς
416 2769 500 2853 μετὰ
524 2775 583 2836 τοῦ
611 2775 792 2856 Τραχινίον
815 2767 1021 2836 ἀπολωλέναι
1044 2774 1099 2834 καὶ
1130 2766 1189 2856 την
1213 2769 1354 2853 δύναμιν

180 2872 315 2944 ἅπασαν
338 2884 402 2944 τῶν
421 2874 587 2965 Ἑλλήνων
602 2887 757 2962 παρεῖναι
773 2875 1023 2964 κατεπλάγησαν
1042 2880 1297 2962 (concursabant
1321 2887 1354 2945 ut

181 2989 214 3053 in
232 2995 390 3055 terrorem
416 2989 624 3070 incide1·unt);
647 2988 695 3053 XI
710 2994 763 3070 86,
777 2995 810 3053 t:
834 2979 1048 3068 ἐπαγομένου
1073 2988 1108 3051 δέ
1132 2986 1353 3074 [Τυνδαρίδου

181 3097 393 3180 Συρακοσίου]
423 3093 469 3167 εἰς
495 3089 533 3159 τὸ
570 3091 792 3180 δεσμωτήριον
816 3092 848 3157 οἱ
872 3095 1143 3180 πολυωρηέλέντες
1167 3089 1227 3160 ἐπ’
1251 3091 1354 3160 αὐτοῦ

180 3201 443 3289 συνεστράφησαν
476 3206 531 3268 καὶ
561 3213 631 3276 ταῖς
662 3198 825 3285 ἐπάγουσι
847 3201 905 3276 τὰς
926 3211 1037 3289 χεῖρας
1060 3201 1234 3289 ἐπέφερον.
1282 3205 1352 3288 Quo

181 3314 262 3392 loco,
294 3321 327 3378 et
359 3313 447 3394 impf.
480 3309 645 3396 ἐπέφερον
676 3319 711 3378 et
741 3323 826 3394 port.
858 3304 1022 3392 α’ποίγουσι
1055 3314 1095 3379 du
1119 3320 1238 3380 conato
1263 3315 1352 3381 dictu

181 3426 268 3502 sunt,
304 3428 341 3487 ut
376 3421 485 3486 vorbis
519 3423 732 3500 sequentibus
767 3427 920 3502 apparet:
958 3423 1097 3505 ταραχῆς
1119 3420 1153 3484 δὲ
1178 3427 1352 3507 γενομένης

180 3520 263 3589 κατά
295 3520 355 3610 τὴν
386 3523 489 3591 πάλιν
520 3523 787 3613 συνεστράφησαν
815 3525 846 3589 οἱ
878 3537 1083 3609 χαριέστατοι
1119 3531 1183 3591 τῶν
1206 3530 1351 3593 πολιτῶν

178 3635 233 3697 καὶ
271 3630 345 3705 τούς
384 3638 638 3716 νεωτερίσαντας
676 3631 944 3719 συναρπάσαντες
982 3630 1040 3698 σύν
1078 3639 1123 3720 τῷ
1164 3637 1351 3724 Τυνδαρίδη

178 3735 327 3823 άνεῑλον;
373 3743 540 3827 X1141,t
565 3741 655 3823 impf.
689 3737 885 3827 ἥγωνιζοντσ
918 3743 1040 3824 iegitur
1069 3749 1145 3824 post
1177 3761 1243 3809 uor.
1277 3762 1350 3808 συν-

177 3845 395 3932 εστράφησαν
422 3846 468 3935 [oi
484 3846 676 3935 Πλαταιεῖς]
700 3845 959 3934 κατανοήσαντες
983 3840 1111 3928 ὀλίγους
1134 3846 1230 3922 ὄντας
1257 3867 1351 3914 συνε-

288 4065 314 4132 l)
334 4062 459 4132 Optimus
485 4068 514 4117 ct
532 4062 735 4117 vetustissimus
754 4071 797 4118 est
817 4081 839 4116 c.
859 4062 1076 4118 vindobonensis
1096 4081 1117 4117 s.
1135 4063 1183 4132 XI,
1210 4065 1350 4131 proximus

176 4157 267 4207 estote
296 4157 324 4207 ct
353 4151 516 4206 atteteritnte
545 4169 568 4207 c.
599 4152 747 4206 Vaticnuus
775 4153 795 4206 0
823 4168 892 4206 suec.
912 4153 981 4216 XII;
1010 4152 1107 4220 reliqui
1126 4153 1307 4207 Coisliniouus
1326 4156 1368 4208 A*

176 4258 245 4295 suec.
265 4243 323 4310 XV,
343 4243 502 4298 Mutinensis
520 4242 543 4295 B
563 4258 584 4297 s.
604 4241 662 4307 XV,
682 4242 821 4296 Parisinus
840 4243 863 4296 E
882 4259 903 4296 s.
922 4243 995 4310 XVI,
1024 4243 1225 4296 Claromontaui
1244 4243 1302 4298 FG
1328 4261 1348 4298 s.

175 4332 249 4398 XVI,
268 4333 389 4387 Venetus
409 4335 435 4387 n
454 4349 474 4388 s.
495 4333 554 4400 XV,
570 4332 784 4387 vindobonensis
808 4333 833 4386 N
852 4349 873 4386 s.
893 4334 958 4388 XVI
983 4334 1068 4387 multo
1093 4344 1158 4388 sunt
1183 4335 1293 4388 minoris
1320 4345 1350 4390 et

176 4423 248 4477 inter
267 4439 295 4477 sc
315 4421 436 4478 diversae
455 4422 639 4492 auctoritatis3
659 4423 692 4477 of.
712 4421 800 4493 Vogel
819 4423 861 4479 ed.
879 4422 965 4493 praes.
984 4424 1019 4478 ud
1039 4423 1090 4479 vol,
1109 4423 1123 4478 Ι
1141 4443 1167 4498 p.
1178 4423 1217 4480 IV
1225 4440 1260 4484 ss.
